<?xml version="1.0" encoding="UTF-8"?>
<collections>
   <collection>
      <record>
         <datafield tag="024" ind1="7" ind2="">
            <subfield code="a">10.1086/316343</subfield>
            <subfield code="2">DOI</subfield>
            <subfield code="8">PASP</subfield>
         </datafield>
         <datafield tag="970" ind1="" ind2="">
            <subfield code="a">1999PASP..111..438F</subfield>
            <subfield code="8">ADS metadata</subfield>
         </datafield>
         <datafield tag="035" ind1="" ind2="">
            <subfield code="a">1999PASP..111..438F</subfield>
            <subfield code="2">ADS bibcode</subfield>
            <subfield code="8">ADS metadata</subfield>
         </datafield>
         <datafield tag="100" ind1="" ind2="">
            <subfield code="a">Falco, Emilio E.</subfield>
            <subfield code="b">Falco, E</subfield>
            <subfield code="e">regular</subfield>
            <subfield code="u">Harvard-Smithsonian Center for Astrophysics, 60 Garden Street, Cambridge, MA 02138 &lt;EMAIL&gt;falco@cfa.harvard.edu&lt;/EMAIL&gt;</subfield>
            <subfield code="m">falco@cfa.harvard.edu</subfield>
            <subfield code="8">PASP</subfield>
         </datafield>
         <datafield tag="700" ind1="" ind2="">
            <subfield code="a">Kurtz, Michael J.</subfield>
            <subfield code="b">Kurtz, M</subfield>
            <subfield code="e">regular</subfield>
            <subfield code="u">Harvard-Smithsonian Center for Astrophysics, 60 Garden Street, Cambridge, MA 02138</subfield>
            <subfield code="8">PASP</subfield>
         </datafield>
         <datafield tag="700" ind1="" ind2="">
            <subfield code="a">Geller, Margaret J.</subfield>
            <subfield code="b">Geller, M</subfield>
            <subfield code="e">regular</subfield>
            <subfield code="u">Harvard-Smithsonian Center for Astrophysics, 60 Garden Street, Cambridge, MA 02138</subfield>
            <subfield code="8">PASP</subfield>
         </datafield>
         <datafield tag="700" ind1="" ind2="">
            <subfield code="a">Huchra, John P.</subfield>
            <subfield code="b">Huchra, J</subfield>
            <subfield code="e">regular</subfield>
            <subfield code="u">Harvard-Smithsonian Center for Astrophysics, 60 Garden Street, Cambridge, MA 02138</subfield>
            <subfield code="8">PASP</subfield>
         </datafield>
         <datafield tag="700" ind1="" ind2="">
            <subfield code="a">Peters, James</subfield>
            <subfield code="b">Peters, J</subfield>
            <subfield code="e">regular</subfield>
            <subfield code="u">Harvard-Smithsonian Center for Astrophysics, 60 Garden Street, Cambridge, MA 02138</subfield>
            <subfield code="8">PASP</subfield>
         </datafield>
         <datafield tag="700" ind1="" ind2="">
            <subfield code="a">Berlind, Perry</subfield>
            <subfield code="b">Berlind, P</subfield>
            <subfield code="e">regular</subfield>
            <subfield code="u">Harvard-Smithsonian Center for Astrophysics, 60 Garden Street, Cambridge, MA 02138</subfield>
            <subfield code="8">PASP</subfield>
         </datafield>
         <datafield tag="700" ind1="" ind2="">
            <subfield code="a">Mink, Douglas J.</subfield>
            <subfield code="b">Mink, D</subfield>
            <subfield code="e">regular</subfield>
            <subfield code="u">Harvard-Smithsonian Center for Astrophysics, 60 Garden Street, Cambridge, MA 02138</subfield>
            <subfield code="8">PASP</subfield>
         </datafield>
         <datafield tag="700" ind1="" ind2="">
            <subfield code="a">Tokarz, Susan P.</subfield>
            <subfield code="b">Tokarz, S</subfield>
            <subfield code="e">regular</subfield>
            <subfield code="u">Harvard-Smithsonian Center for Astrophysics, 60 Garden Street, Cambridge, MA 02138</subfield>
            <subfield code="8">PASP</subfield>
         </datafield>
         <datafield tag="700" ind1="" ind2="">
            <subfield code="a">Elwell, Barbara</subfield>
            <subfield code="b">Elwell, B</subfield>
            <subfield code="e">regular</subfield>
            <subfield code="u">Harvard-Smithsonian Center for Astrophysics, 60 Garden Street, Cambridge, MA 02138</subfield>
            <subfield code="8">PASP</subfield>
         </datafield>
         <datafield tag="245" ind1="" ind2="">
            <subfield code="a">The Updated Zwicky Catalog (UZC)</subfield>
            <subfield code="8">PASP</subfield>
         </datafield>
         <datafield tag="260" ind1="" ind2="">
            <subfield code="c">1999-04-00</subfield>
            <subfield code="t">date-published</subfield>
            <subfield code="8">PASP</subfield>
         </datafield>
         <datafield tag="520" ind1="" ind2="">
            <subfield code="a">The Zwicky Catalog of galaxies (ZC), with m_Zw〈=15.5, has been the basis for the Center for Astrophysics (CfA) redshift surveys. To date, analyses of the ZC and redshift surveys based on it have relied on heterogeneous sets of galaxy coordinates and redshifts. Here we correct some of the inadequacies of previous catalogs by providing (1) coordinates with 〈~2" errors for all of the 19,369 catalog galaxies, (2) homogeneously estimated redshifts for the majority (98%) of the data taken at the CfA (14,632 spectra), and (3) an estimate of the remaining ``blunder'' rate for both the CfA redshifts and for those compiled from the literature. For the reanalyzed CfA data we include a calibrated, uniformly determined error and an indication of the presence of emission lines in each spectrum. We provide redshifts for 7257 galaxies in the CfA2 redshift survey not previously published; for another 5625 CfA redshifts we list the remeasured or uniformly rereduced value. Among our new measurements, 1807 are members of UZC ``multiplets'' associated with the original Zwicky catalog position in the coordinate range where the catalog is 98% complete. These multiplets provide new candidates for examination of tidal interactions among galaxies. All of the new redshifts correspond to UZC galaxies with properties recorded in the CfA redshift compilation known as ZCAT. About 1000 of our new measurements were motivated either by inadequate signal-to-noise in the original spectrum or by an ambiguous identification of the galaxy associated with a ZCAT redshift. The redshift catalog we include here is ~96% complete to m_Zw〈=15.5 and ~98% complete (12,925 galaxies out of a total of 13,150) for the right ascension ranges 20^h〉=alpha_1950〈=4^h and 8^h〉=alpha_1950〈=17^h and declination range -2.5d〈=delta_1950〈=50^deg. This more complete region includes all of the CfA2 survey as analyzed to date. The Great Wall structure persists throughout the northern survey region. Dedicated to the memory of Jim Peters, whose friendship, skill, and dedication were essential to this work.</subfield>
            <subfield code="y">en</subfield>
            <subfield code="8">PASP</subfield>
         </datafield>
         <datafield tag="695" ind1="" ind2="">
            <subfield code="a">ASTROMETRY</subfield>
            <subfield code="b">astrometry</subfield>
            <subfield code="9">Astronomy</subfield>
         </datafield>
         <datafield tag="695" ind1="" ind2="">
            <subfield code="a">CATALOGS</subfield>
            <subfield code="b">catalogs</subfield>
            <subfield code="9">Astronomy</subfield>
         </datafield>
         <datafield tag="695" ind1="" ind2="">
            <subfield code="a">COSMOLOGY: OBSERVATIONS</subfield>
            <subfield code="b">cosmology observations</subfield>
            <subfield code="9">Astronomy</subfield>
         </datafield>
         <datafield tag="773" ind1="" ind2="">
            <subfield code="p">The Publications of the Astronomical Society of the Pacific</subfield>
            <subfield code="v">111</subfield>
            <subfield code="n">758</subfield>
            <subfield code="c">438-452</subfield>
            <subfield code="y">1999</subfield>
            <subfield code="z">The Publications of the Astronomical Society of the Pacific, Volume 111, Issue 758, pp. 438-452.</subfield>
            <subfield code="8">PASP</subfield>
         </datafield>
         <datafield tag="961" ind1="" ind2="">
            <subfield code="c">2011-10-06T18:39:48</subfield>
            <subfield code="x">2011-10-06T18:39:48</subfield>
            <subfield code="8">PASP</subfield>
         </datafield>
      </record>