
      <record>
         <datafield tag="970" ind1="" ind2="">
            <subfield code="a">1999PASP..111..438F</subfield>
            <subfield code="8">ADS metadata</subfield>
         </datafield>
         <datafield tag="035" ind1="" ind2="">
            <subfield code="a">1999PASP..111..438F</subfield>
            <subfield code="2">ADS bibcode</subfield>
            <subfield code="8">ADS metadata</subfield>
         </datafield>
         <datafield tag="100" ind1="" ind2="">
            <subfield code="a">Falco, E. E.</subfield>
            <subfield code="b">Falco, E</subfield>
            <subfield code="e">regular</subfield>
            <subfield code="8">SIMBAD</subfield>
         </datafield>
         <datafield tag="700" ind1="" ind2="">
            <subfield code="a">Kurtz, M. J.</subfield>
            <subfield code="b">Kurtz, M</subfield>
            <subfield code="e">regular</subfield>
            <subfield code="8">SIMBAD</subfield>
         </datafield>
         <datafield tag="700" ind1="" ind2="">
            <subfield code="a">Geller, M. J.</subfield>
            <subfield code="b">Geller, M</subfield>
            <subfield code="e">regular</subfield>
            <subfield code="8">SIMBAD</subfield>
         </datafield>
         <datafield tag="700" ind1="" ind2="">
            <subfield code="a">Huchra, J. P.</subfield>
            <subfield code="b">Huchra, J</subfield>
            <subfield code="e">regular</subfield>
            <subfield code="8">SIMBAD</subfield>
         </datafield>
         <datafield tag="700" ind1="" ind2="">
            <subfield code="a">Peters, J.</subfield>
            <subfield code="b">Peters, J</subfield>
            <subfield code="e">regular</subfield>
            <subfield code="8">SIMBAD</subfield>
         </datafield>
         <datafield tag="700" ind1="" ind2="">
            <subfield code="a">Berlind, P.</subfield>
            <subfield code="b">Berlind, P</subfield>
            <subfield code="e">regular</subfield>
            <subfield code="8">SIMBAD</subfield>
         </datafield>
         <datafield tag="700" ind1="" ind2="">
            <subfield code="a">Mink, D. J.</subfield>
            <subfield code="b">Mink, D</subfield>
            <subfield code="e">regular</subfield>
            <subfield code="8">SIMBAD</subfield>
         </datafield>
         <datafield tag="700" ind1="" ind2="">
            <subfield code="a">Tokarz, S. P.</subfield>
            <subfield code="b">Tokarz, S</subfield>
            <subfield code="e">regular</subfield>
            <subfield code="8">SIMBAD</subfield>
         </datafield>
         <datafield tag="700" ind1="" ind2="">
            <subfield code="a">Elwell, B.</subfield>
            <subfield code="b">Elwell, B</subfield>
            <subfield code="e">regular</subfield>
            <subfield code="8">SIMBAD</subfield>
         </datafield>
         <datafield tag="245" ind1="" ind2="">
            <subfield code="a">The updated Zwicky catalog (UZC).</subfield>
            <subfield code="8">SIMBAD</subfield>
         </datafield>
         <datafield tag="260" ind1="" ind2="">
            <subfield code="c">1999-04-00</subfield>
            <subfield code="t">date-published</subfield>
            <subfield code="8">SIMBAD</subfield>
         </datafield>
         <datafield tag="773" ind1="" ind2="">
            <subfield code="p">Publications of the Astronomical Society of the Pacific</subfield>
            <subfield code="v">111</subfield>
            <subfield code="c">438</subfield>
            <subfield code="y">1999</subfield>
            <subfield code="z">Publications of the Astronomical Society of the Pacific, 111, 438-452 (1999)</subfield>
            <subfield code="8">SIMBAD</subfield>
         </datafield>
         <datafield tag="961" ind1="" ind2="">
            <subfield code="c">2011-11-16T06:10:19</subfield>
            <subfield code="x">2011-11-16T06:10:19</subfield>
            <subfield code="8">SIMBAD</subfield>
         </datafield>
      </record>
      <record>
         <datafield tag="970" ind1="" ind2="">
            <subfield code="a">1999PASP..111..438F</subfield>
            <subfield code="8">ADS metadata</subfield>
         </datafield>
         <datafield tag="035" ind1="" ind2="">
            <subfield code="a">1999PASP..111..438F</subfield>
            <subfield code="2">ADS bibcode</subfield>
            <subfield code="8">ADS metadata</subfield>
         </datafield>
         <datafield tag="591" ind1="" ind2="">
            <subfield code="a">1999PASP..111..438F</subfield>
            <subfield code="c">Source Paper</subfield>
            <subfield code="8">ADS metadata</subfield>
         </datafield>
         <datafield tag="591" ind1="" ind2="">
            <subfield code="a">1999yCat..61110438F</subfield>
            <subfield code="c">Catalog Description</subfield>
            <subfield code="8">ADS metadata</subfield>
         </datafield>
         <datafield tag="980" ind1="" ind2="">
            <subfield code="a">ASTRONOMY</subfield>
            <subfield code="8">ADS metadata</subfield>
         </datafield>
         <datafield tag="980" ind1="" ind2="">
            <subfield code="a">REFEREED</subfield>
            <subfield code="8">ADS metadata</subfield>
         </datafield>
         <datafield tag="980" ind1="" ind2="">
            <subfield code="a">ARTICLE</subfield>
            <subfield code="8">ADS metadata</subfield>
         </datafield>
         <datafield tag="995" ind1="" ind2="">
            <subfield code="a">{"abs":[{"p":"/proj/ads/abstracts/ast/text/J99/J99-07425.abs","t":"1317940788"},{"p":"/proj/ads/abstracts/ast/text/S99/S99-07425.abs","t":"1321441819"}],"links":{"associated":[{"t":"Source Paper","u":"1999PASP..111..438F"},{"t":"Catalog Description","u":"1999yCat..61110438F"}],"data":[{"u":"http://$VIZIER$/viz-bin/VizieR?-source=J/PASP/111/438"}],"electr":[{"u":"http://dx.doi.org/10.1086%2F316343"}],"ned":[{"c":"19471","u":"http://$NED$/cgi-bin/nph-objsearch?search_type=Search&amp;refcode=1999PASP..111..438F"}],"preprint":[{"u":"astro-ph/9904265"}],"simbad":[{"c":"19379","u":"http://$SIMBAD$/simbo.pl?bibcode=1999PASP..111..438F"}],"spires":[{"u":"http://www.slac.stanford.edu/spires/find/hep/www?fin+j+PASPA,111,438"}]},"prop":["bibgroup: CfA","open","refereed"],"refs":[{"p":"/proj/ads/references/resolved/AUTHOR/Markus/MarkusMagic.pairs.result","t":1332361389},{"p":"/proj/ads/references/resolved/ISI/PASP/PASP0111.isi.pairs.result","t":1302281043},{"p":"/proj/ads/references/resolved/PASP/0111/iss758.raw.result","t":1316238403}]}</subfield>
            <subfield code="8">ADS metadata</subfield>
         </datafield>
      </record>
      <record>
         <datafield tag="970" ind1="" ind2="">
            <subfield code="a">1999PASP..111..438F</subfield>
            <subfield code="8">ADS metadata</subfield>
         </datafield>
         <datafield tag="035" ind1="" ind2="">
            <subfield code="a">1999PASP..111..438F</subfield>
            <subfield code="2">ADS bibcode</subfield>
            <subfield code="8">ADS metadata</subfield>
         </datafield>
         <datafield tag="961" ind1="" ind2="">
            <subfield code="c">2012-03-21T16:23:09</subfield>
            <subfield code="x">2012-03-21T16:23:09</subfield>
            <subfield code="8">AUTHOR</subfield>
         </datafield>
         <datafield tag="999" ind1="C" ind2="5">
            <subfield code="i">1991RC3...C......0D</subfield>
            <subfield code="e">1</subfield>
            <subfield code="f">AUTHOR</subfield>
            <subfield code="b">1991RC3...C......0D</subfield>
            <subfield code="8">AUTHOR</subfield>
         </datafield>
      </record>
      <record>
         <datafield tag="970" ind1="" ind2="">
            <subfield code="a">1999PASP..111..438F</subfield>
            <subfield code="8">ADS metadata</subfield>
         </datafield>
         <datafield tag="035" ind1="" ind2="">
            <subfield code="a">1999PASP..111..438F</subfield>
            <subfield code="2">ADS bibcode</subfield>
            <subfield code="8">ADS metadata</subfield>
         </datafield>
         <datafield tag="961" ind1="" ind2="">
            <subfield code="c">2011-04-08T12:44:03</subfield>
            <subfield code="x">2011-04-08T12:44:03</subfield>
            <subfield code="8">ISI</subfield>
         </datafield>
         <datafield tag="999" ind1="C" ind2="5">
            <subfield code="i">1981AJ.....86..161G</subfield>
            <subfield code="e">1</subfield>
            <subfield code="f">ISI</subfield>
            <subfield code="b">1981AJ.....86..161G</subfield>
            <subfield code="8">ISI</subfield>
         </datafield>
         <datafield tag="999" ind1="C" ind2="5">
            <subfield code="i">1981AJ.....86..919S</subfield>
            <subfield code="e">1</subfield>
            <subfield code="f">ISI</subfield>
            <subfield code="b">1981AJ.....86..919S</subfield>
            <subfield code="8">ISI</subfield>
         </datafield>
         <datafield tag="999" ind1="C" ind2="5">
            <subfield code="i">1981ApJ...246...20E</subfield>
            <subfield code="e">1</subfield>
            <subfield code="f">ISI</subfield>
            <subfield code="b">1981ApJ...246...20E</subfield>
            <subfield code="8">ISI</subfield>
         </datafield>
         <datafield tag="999" ind1="C" ind2="5">
            <subfield code="i">1981ApJ...250...55S</subfield>
            <subfield code="e">1</subfield>
            <subfield code="f">ISI</subfield>
            <subfield code="b">1981ApJ...250...55S</subfield>
            <subfield code="8">ISI</subfield>
         </datafield>
         <datafield tag="999" ind1="C" ind2="5">
            <subfield code="i">1981ApJS...47..139F</subfield>
            <subfield code="e">1</subfield>
            <subfield code="f">ISI</subfield>
            <subfield code="b">1981ApJS...47..139F</subfield>
            <subfield code="8">ISI</subfield>
         </datafield>
         <datafield tag="999" ind1="C" ind2="5">
            <subfield code="i">1982A&amp;A...109..155R</subfield>
            <subfield code="e">1</subfield>
            <subfield code="f">ISI</subfield>
            <subfield code="b">1982A&amp;A...109..155R</subfield>
            <subfield code="8">ISI</subfield>
         </datafield>
         <datafield tag="999" ind1="C" ind2="5">
            <subfield code="i">1982AJ.....87..252W</subfield>
            <subfield code="e">1</subfield>
            <subfield code="f">ISI</subfield>
            <subfield code="b">1982AJ.....87..252W</subfield>
            <subfield code="8">ISI</subfield>
         </datafield>
         <datafield tag="999" ind1="C" ind2="5">
            <subfield code="i">1982AJ.....87.1355G</subfield>
            <subfield code="e">1</subfield>
            <subfield code="f">ISI</subfield>
            <subfield code="b">1982AJ.....87.1355G</subfield>
            <subfield code="8">ISI</subfield>
         </datafield>
         <datafield tag="999" ind1="C" ind2="5">
            <subfield code="i">1982AJ.....87.1628H</subfield>
            <subfield code="e">1</subfield>
            <subfield code="f">ISI</subfield>
            <subfield code="b">1982AJ.....87.1628H</subfield>
            <subfield code="8">ISI</subfield>
         </datafield>
         <datafield tag="999" ind1="C" ind2="5">
            <subfield code="i">1982ApJ...253..423D</subfield>
            <subfield code="e">1</subfield>
            <subfield code="f">ISI</subfield>
            <subfield code="b">1982ApJ...253..423D</subfield>
            <subfield code="8">ISI</subfield>
         </datafield>
         <datafield tag="999" ind1="C" ind2="5">
            <subfield code="i">1982MNRAS.200..621C</subfield>
            <subfield code="e">1</subfield>
            <subfield code="f">ISI</subfield>
            <subfield code="b">1982MNRAS.200..621C</subfield>
            <subfield code="8">ISI</subfield>
         </datafield>
         <datafield tag="999" ind1="C" ind2="5">
            <subfield code="i">1982SvAL....8..104K</subfield>
            <subfield code="e">1</subfield>
            <subfield code="f">ISI</subfield>
            <subfield code="b">1982SvAL....8..104K</subfield>
            <subfield code="8">ISI</subfield>
         </datafield>
         <datafield tag="999" ind1="C" ind2="5">
            <subfield code="i">1982SvAL....8..280K</subfield>
            <subfield code="e">1</subfield>
            <subfield code="f">ISI</subfield>
            <subfield code="b">1982SvAL....8..280K</subfield>
            <subfield code="8">ISI</subfield>
         </datafield>
         <datafield tag="999" ind1="C" ind2="5">
            <subfield code="i">1983AJ.....88..477S</subfield>
            <subfield code="e">1</subfield>
            <subfield code="f">ISI</subfield>
            <subfield code="b">1983AJ.....88..477S</subfield>
            <subfield code="8">ISI</subfield>
         </datafield>
         <datafield tag="999" ind1="C" ind2="5">
            <subfield code="i">1983AJ.....88..489S</subfield>
            <subfield code="e">1</subfield>
            <subfield code="f">ISI</subfield>
            <subfield code="b">1983AJ.....88..489S</subfield>
            <subfield code="8">ISI</subfield>
         </datafield>
         <datafield tag="999" ind1="C" ind2="5">
            <subfield code="i">1983ApJ...268...47B</subfield>
            <subfield code="e">1</subfield>
            <subfield code="f">ISI</subfield>
            <subfield code="b">1983ApJ...268...47B</subfield>
            <subfield code="8">ISI</subfield>
         </datafield>
         <datafield tag="999" ind1="C" ind2="5">
            <subfield code="i">1983ApJ...269...13C</subfield>
            <subfield code="e">1</subfield>
            <subfield code="f">ISI</subfield>
            <subfield code="b">1983ApJ...269...13C</subfield>
            <subfield code="8">ISI</subfield>
         </datafield>
         <datafield tag="999" ind1="C" ind2="5">
            <subfield code="i">1983ApJS...52...89H</subfield>
            <subfield code="e">1</subfield>
            <subfield code="f">ISI</subfield>
            <subfield code="b">1983ApJS...52...89H</subfield>
            <subfield code="8">ISI</subfield>
         </datafield>
         <datafield tag="999" ind1="C" ind2="5">
            <subfield code="i">1983SvAL....9...36K</subfield>
            <subfield code="e">1</subfield>
            <subfield code="f">ISI</subfield>
            <subfield code="b">1983SvAL....9...36K</subfield>
            <subfield code="8">ISI</subfield>
         </datafield>
         <datafield tag="999" ind1="C" ind2="5">
            <subfield code="i">1984A&amp;A...138...85F</subfield>
            <subfield code="e">1</subfield>
            <subfield code="f">ISI</subfield>
            <subfield code="b">1984A&amp;A...138...85F</subfield>
            <subfield code="8">ISI</subfield>
         </datafield>
         <datafield tag="999" ind1="C" ind2="5">
            <subfield code="i">1984AJ.....89..319G</subfield>
            <subfield code="e">1</subfield>
            <subfield code="f">ISI</subfield>
            <subfield code="b">1984AJ.....89..319G</subfield>
            <subfield code="8">ISI</subfield>
         </datafield>
         <datafield tag="999" ind1="C" ind2="5">
            <subfield code="i">1984AJ.....89..758H</subfield>
            <subfield code="e">1</subfield>
            <subfield code="f">ISI</subfield>
            <subfield code="b">1984AJ.....89..758H</subfield>
            <subfield code="8">ISI</subfield>
         </datafield>
         <datafield tag="999" ind1="C" ind2="5">
            <subfield code="i">1984AJ.....89.1310D</subfield>
            <subfield code="e">1</subfield>
            <subfield code="f">ISI</subfield>
            <subfield code="b">1984AJ.....89.1310D</subfield>
            <subfield code="8">ISI</subfield>
         </datafield>
         <datafield tag="999" ind1="C" ind2="5">
            <subfield code="i">1984ApJ...280..547H</subfield>
            <subfield code="e">1</subfield>
            <subfield code="f">ISI</subfield>
            <subfield code="b">1984ApJ...280..547H</subfield>
            <subfield code="8">ISI</subfield>
         </datafield>
         <datafield tag="999" ind1="C" ind2="5">
            <subfield code="i">1984ApJ...283...33B</subfield>
            <subfield code="e">1</subfield>
            <subfield code="f">ISI</subfield>
            <subfield code="b">1984ApJ...283...33B</subfield>
            <subfield code="8">ISI</subfield>
         </datafield>
         <datafield tag="999" ind1="C" ind2="5">
            <subfield code="i">1984PASP...96..216S</subfield>
            <subfield code="e">1</subfield>
            <subfield code="f">ISI</subfield>
            <subfield code="b">1984PASP...96..216S</subfield>
            <subfield code="8">ISI</subfield>
         </datafield>
         <datafield tag="999" ind1="C" ind2="5">
            <subfield code="i">1985AJ.....90..410Q</subfield>
            <subfield code="e">1</subfield>
            <subfield code="f">ISI</subfield>
            <subfield code="b">1985AJ.....90..410Q</subfield>
            <subfield code="8">ISI</subfield>
         </datafield>
         <datafield tag="999" ind1="C" ind2="5">
            <subfield code="i">1985AJ.....90..691H</subfield>
            <subfield code="e">1</subfield>
            <subfield code="f">ISI</subfield>
            <subfield code="b">1985AJ.....90..691H</subfield>
            <subfield code="8">ISI</subfield>
         </datafield>
         <datafield tag="999" ind1="C" ind2="5">
            <subfield code="i">1985AJ.....90.1681B</subfield>
            <subfield code="e">1</subfield>
            <subfield code="f">ISI</subfield>
            <subfield code="b">1985AJ.....90.1681B</subfield>
            <subfield code="8">ISI</subfield>
         </datafield>
         <datafield tag="999" ind1="C" ind2="5">
            <subfield code="i">1985AJ.....90.2207K</subfield>
            <subfield code="e">1</subfield>
            <subfield code="f">ISI</subfield>
            <subfield code="b">1985AJ.....90.2207K</subfield>
            <subfield code="8">ISI</subfield>
         </datafield>
         <datafield tag="999" ind1="C" ind2="5">
            <subfield code="i">1985AJ.....90.2445G</subfield>
            <subfield code="e">1</subfield>
            <subfield code="f">ISI</subfield>
            <subfield code="b">1985AJ.....90.2445G</subfield>
            <subfield code="8">ISI</subfield>
         </datafield>
         <datafield tag="999" ind1="C" ind2="5">
            <subfield code="i">1985AJ.....90.2487B</subfield>
            <subfield code="e">1</subfield>
            <subfield code="f">ISI</subfield>
            <subfield code="b">1985AJ.....90.2487B</subfield>
            <subfield code="8">ISI</subfield>
         </datafield>
         <datafield tag="999" ind1="C" ind2="5">
            <subfield code="i">1985ApJ...292..404G</subfield>
            <subfield code="e">1</subfield>
            <subfield code="f">ISI</subfield>
            <subfield code="b">1985ApJ...292..404G</subfield>
            <subfield code="8">ISI</subfield>
         </datafield>
         <datafield tag="999" ind1="C" ind2="5">
            <subfield code="i">1985ApJS...57..423B</subfield>
            <subfield code="e">1</subfield>
            <subfield code="f">ISI</subfield>
            <subfield code="b">1985ApJS...57..423B</subfield>
            <subfield code="8">ISI</subfield>
         </datafield>
         <datafield tag="999" ind1="C" ind2="5">
            <subfield code="i">1985ApJS...58..623G</subfield>
            <subfield code="e">1</subfield>
            <subfield code="f">ISI</subfield>
            <subfield code="b">1985ApJS...58..623G</subfield>
            <subfield code="8">ISI</subfield>
         </datafield>
         <datafield tag="999" ind1="C" ind2="5">
            <subfield code="i">1985ApJS...59..161L</subfield>
            <subfield code="e">1</subfield>
            <subfield code="f">ISI</subfield>
            <subfield code="b">1985ApJS...59..161L</subfield>
            <subfield code="8">ISI</subfield>
         </datafield>
         <datafield tag="999" ind1="C" ind2="5">
            <subfield code="i">1985Natur.314..240D</subfield>
            <subfield code="e">1</subfield>
            <subfield code="f">ISI</subfield>
            <subfield code="b">1985Natur.314..240D</subfield>
            <subfield code="8">ISI</subfield>
         </datafield>
         <datafield tag="999" ind1="C" ind2="5">
            <subfield code="i">1985PASAu...6..151C</subfield>
            <subfield code="e">1</subfield>
            <subfield code="f">ISI</subfield>
            <subfield code="b">1985PASAu...6..151C</subfield>
            <subfield code="8">ISI</subfield>
         </datafield>
         <datafield tag="999" ind1="C" ind2="5">
            <subfield code="i">1986A&amp;A...161..217F</subfield>
            <subfield code="e">1</subfield>
            <subfield code="f">ISI</subfield>
            <subfield code="b">1986A&amp;A...161..217F</subfield>
            <subfield code="8">ISI</subfield>
         </datafield>
         <datafield tag="999" ind1="C" ind2="5">
            <subfield code="i">1986AJ.....91..705B</subfield>
            <subfield code="e">1</subfield>
            <subfield code="f">ISI</subfield>
            <subfield code="b">1986AJ.....91..705B</subfield>
            <subfield code="8">ISI</subfield>
         </datafield>
         <datafield tag="999" ind1="C" ind2="5">
            <subfield code="i">1986AJ.....92..250G</subfield>
            <subfield code="e">1</subfield>
            <subfield code="f">ISI</subfield>
            <subfield code="b">1986AJ.....92..250G</subfield>
            <subfield code="8">ISI</subfield>
         </datafield>
         <datafield tag="999" ind1="C" ind2="5">
            <subfield code="i">1986ApJ...308..530F</subfield>
            <subfield code="e">1</subfield>
            <subfield code="f">ISI</subfield>
            <subfield code="b">1986ApJ...308..530F</subfield>
            <subfield code="8">ISI</subfield>
         </datafield>
         <datafield tag="999" ind1="C" ind2="5">
            <subfield code="i">1987A&amp;A...184...63M</subfield>
            <subfield code="e">1</subfield>
            <subfield code="f">ISI</subfield>
            <subfield code="b">1987A&amp;A...184...63M</subfield>
            <subfield code="8">ISI</subfield>
         </datafield>
         <datafield tag="999" ind1="C" ind2="5">
            <subfield code="i">1987A&amp;A...185....4A</subfield>
            <subfield code="e">1</subfield>
            <subfield code="f">ISI</subfield>
            <subfield code="b">1987A&amp;A...185....4A</subfield>
            <subfield code="8">ISI</subfield>
         </datafield>
         <datafield tag="999" ind1="C" ind2="5">
            <subfield code="i">1987A&amp;AS...67...57P</subfield>
            <subfield code="e">1</subfield>
            <subfield code="f">ISI</subfield>
            <subfield code="b">1987A&amp;AS...67...57P</subfield>
            <subfield code="8">ISI</subfield>
         </datafield>
         <datafield tag="999" ind1="C" ind2="5">
            <subfield code="i">1987A&amp;AS...67..261R</subfield>
            <subfield code="e">1</subfield>
            <subfield code="f">ISI</subfield>
            <subfield code="b">1987A&amp;AS...67..261R</subfield>
            <subfield code="8">ISI</subfield>
         </datafield>
         <datafield tag="999" ind1="C" ind2="5">
            <subfield code="i">1987A&amp;AS...68..427R</subfield>
            <subfield code="e">1</subfield>
            <subfield code="f">ISI</subfield>
            <subfield code="b">1987A&amp;AS...68..427R</subfield>
            <subfield code="8">ISI</subfield>
         </datafield>
         <datafield tag="999" ind1="C" ind2="5">
            <subfield code="i">1987AJ.....93..529F</subfield>
            <subfield code="e">1</subfield>
            <subfield code="f">ISI</subfield>
            <subfield code="b">1987AJ.....93..529F</subfield>
            <subfield code="8">ISI</subfield>
         </datafield>
         <datafield tag="999" ind1="C" ind2="5">
            <subfield code="i">1987AJ.....93..531J</subfield>
            <subfield code="e">1</subfield>
            <subfield code="f">ISI</subfield>
            <subfield code="b">1987AJ.....93..531J</subfield>
            <subfield code="8">ISI</subfield>
         </datafield>
         <datafield tag="999" ind1="C" ind2="5">
            <subfield code="i">1987AJ.....93.1326B</subfield>
            <subfield code="e">1</subfield>
            <subfield code="f">ISI</subfield>
            <subfield code="b">1987AJ.....93.1326B</subfield>
            <subfield code="8">ISI</subfield>
         </datafield>
         <datafield tag="999" ind1="C" ind2="5">
            <subfield code="i">1987AJ.....94..571C</subfield>
            <subfield code="e">1</subfield>
            <subfield code="f">ISI</subfield>
            <subfield code="b">1987AJ.....94..571C</subfield>
            <subfield code="8">ISI</subfield>
         </datafield>
         <datafield tag="999" ind1="C" ind2="5">
            <subfield code="i">1987ApJ...314..493K</subfield>
            <subfield code="e">1</subfield>
            <subfield code="f">ISI</subfield>
            <subfield code="b">1987ApJ...314..493K</subfield>
            <subfield code="8">ISI</subfield>
         </datafield>
         <datafield tag="999" ind1="C" ind2="5">
            <subfield code="i">1987ApJ...315L..11S</subfield>
            <subfield code="e">1</subfield>
            <subfield code="f">ISI</subfield>
            <subfield code="b">1987ApJ...315L..11S</subfield>
            <subfield code="8">ISI</subfield>
         </datafield>
         <datafield tag="999" ind1="C" ind2="5">
            <subfield code="i">1987ApJ...318..161S</subfield>
            <subfield code="e">1</subfield>
            <subfield code="f">ISI</subfield>
            <subfield code="b">1987ApJ...318..161S</subfield>
            <subfield code="8">ISI</subfield>
         </datafield>
         <datafield tag="999" ind1="C" ind2="5">
            <subfield code="i">1987ApJ...320...96G</subfield>
            <subfield code="e">1</subfield>
            <subfield code="f">ISI</subfield>
            <subfield code="b">1987ApJ...320...96G</subfield>
            <subfield code="8">ISI</subfield>
         </datafield>
         <datafield tag="999" ind1="C" ind2="5">
            <subfield code="i">1987ApJS...63..247H</subfield>
            <subfield code="e">1</subfield>
            <subfield code="f">ISI</subfield>
            <subfield code="b">1987ApJS...63..247H</subfield>
            <subfield code="8">ISI</subfield>
         </datafield>
         <datafield tag="999" ind1="C" ind2="5">
            <subfield code="i">1987ApJS...64..411S</subfield>
            <subfield code="e">1</subfield>
            <subfield code="f">ISI</subfield>
            <subfield code="b">1987ApJS...64..411S</subfield>
            <subfield code="8">ISI</subfield>
         </datafield>
         <datafield tag="999" ind1="C" ind2="5">
            <subfield code="i">1987ApJS...64..581D</subfield>
            <subfield code="e">1</subfield>
            <subfield code="f">ISI</subfield>
            <subfield code="b">1987ApJS...64..581D</subfield>
            <subfield code="8">ISI</subfield>
         </datafield>
         <datafield tag="999" ind1="C" ind2="5">
            <subfield code="i">1988A&amp;A...198..100B</subfield>
            <subfield code="e">1</subfield>
            <subfield code="f">ISI</subfield>
            <subfield code="b">1988A&amp;A...198..100B</subfield>
            <subfield code="8">ISI</subfield>
         </datafield>
         <datafield tag="999" ind1="C" ind2="5">
            <subfield code="i">1988A&amp;A...199...41V</subfield>
            <subfield code="e">1</subfield>
            <subfield code="f">ISI</subfield>
            <subfield code="b">1988A&amp;A...199...41V</subfield>
            <subfield code="8">ISI</subfield>
         </datafield>
         <datafield tag="999" ind1="C" ind2="5">
            <subfield code="i">1988AJ.....95..284D</subfield>
            <subfield code="e">1</subfield>
            <subfield code="f">ISI</subfield>
            <subfield code="b">1988AJ.....95..284D</subfield>
            <subfield code="8">ISI</subfield>
         </datafield>
         <datafield tag="999" ind1="C" ind2="5">
            <subfield code="i">1988AJ.....95..607H</subfield>
            <subfield code="e">1</subfield>
            <subfield code="f">ISI</subfield>
            <subfield code="b">1988AJ.....95..607H</subfield>
            <subfield code="8">ISI</subfield>
         </datafield>
         <datafield tag="999" ind1="C" ind2="5">
            <subfield code="i">1988AJ.....95..651T</subfield>
            <subfield code="e">1</subfield>
            <subfield code="f">ISI</subfield>
            <subfield code="b">1988AJ.....95..651T</subfield>
            <subfield code="8">ISI</subfield>
         </datafield>
         <datafield tag="999" ind1="C" ind2="5">
            <subfield code="i">1988AJ.....95.1031H</subfield>
            <subfield code="e">1</subfield>
            <subfield code="f">ISI</subfield>
            <subfield code="b">1988AJ.....95.1031H</subfield>
            <subfield code="8">ISI</subfield>
         </datafield>
         <datafield tag="999" ind1="C" ind2="5">
            <subfield code="i">1988AJ.....95.1602S</subfield>
            <subfield code="e">1</subfield>
            <subfield code="f">ISI</subfield>
            <subfield code="b">1988AJ.....95.1602S</subfield>
            <subfield code="8">ISI</subfield>
         </datafield>
         <datafield tag="999" ind1="C" ind2="5">
            <subfield code="i">1988AJ.....96.1775O</subfield>
            <subfield code="e">1</subfield>
            <subfield code="f">ISI</subfield>
            <subfield code="b">1988AJ.....96.1775O</subfield>
            <subfield code="8">ISI</subfield>
         </datafield>
         <datafield tag="999" ind1="C" ind2="5">
            <subfield code="i">1988AJ.....96.1791F</subfield>
            <subfield code="e">1</subfield>
            <subfield code="f">ISI</subfield>
            <subfield code="b">1988AJ.....96.1791F</subfield>
            <subfield code="8">ISI</subfield>
         </datafield>
         <datafield tag="999" ind1="C" ind2="5">
            <subfield code="i">1988ApJ...326..653K</subfield>
            <subfield code="e">1</subfield>
            <subfield code="f">ISI</subfield>
            <subfield code="b">1988ApJ...326..653K</subfield>
            <subfield code="8">ISI</subfield>
         </datafield>
         <datafield tag="999" ind1="C" ind2="5">
            <subfield code="i">1988ApJ...327..544D</subfield>
            <subfield code="e">1</subfield>
            <subfield code="f">ISI</subfield>
            <subfield code="b">1988ApJ...327..544D</subfield>
            <subfield code="8">ISI</subfield>
         </datafield>
         <datafield tag="999" ind1="C" ind2="5">
            <subfield code="i">1988ApJS...67....1T</subfield>
            <subfield code="e">1</subfield>
            <subfield code="f">ISI</subfield>
            <subfield code="b">1988ApJS...67....1T</subfield>
            <subfield code="8">ISI</subfield>
         </datafield>
         <datafield tag="999" ind1="C" ind2="5">
            <subfield code="i">1988MNRAS.231..977L</subfield>
            <subfield code="e">1</subfield>
            <subfield code="f">ISI</subfield>
            <subfield code="b">1988MNRAS.231..977L</subfield>
            <subfield code="8">ISI</subfield>
         </datafield>
         <datafield tag="999" ind1="C" ind2="5">
            <subfield code="i">1988MNRAS.231.1077A</subfield>
            <subfield code="e">1</subfield>
            <subfield code="f">ISI</subfield>
            <subfield code="b">1988MNRAS.231.1077A</subfield>
            <subfield code="8">ISI</subfield>
         </datafield>
         <datafield tag="999" ind1="C" ind2="5">
            <subfield code="i">1988PASP..100..785S</subfield>
            <subfield code="e">1</subfield>
            <subfield code="f">ISI</subfield>
            <subfield code="b">1988PASP..100..785S</subfield>
            <subfield code="8">ISI</subfield>
         </datafield>
         <datafield tag="999" ind1="C" ind2="5">
            <subfield code="i">1988PASP..100.1423M</subfield>
            <subfield code="e">1</subfield>
            <subfield code="f">ISI</subfield>
            <subfield code="b">1988PASP..100.1423M</subfield>
            <subfield code="8">ISI</subfield>
         </datafield>
         <datafield tag="999" ind1="C" ind2="5">
            <subfield code="i">1989A&amp;A...225..317V</subfield>
            <subfield code="e">1</subfield>
            <subfield code="f">ISI</subfield>
            <subfield code="b">1989A&amp;A...225..317V</subfield>
            <subfield code="8">ISI</subfield>
         </datafield>
         <datafield tag="999" ind1="C" ind2="5">
            <subfield code="i">1989A&amp;AS...80..299P</subfield>
            <subfield code="e">1</subfield>
            <subfield code="f">ISI</subfield>
            <subfield code="b">1989A&amp;AS...80..299P</subfield>
            <subfield code="8">ISI</subfield>
         </datafield>
         <datafield tag="999" ind1="C" ind2="5">
            <subfield code="i">1989ApJ...336...77F</subfield>
            <subfield code="e">1</subfield>
            <subfield code="f">ISI</subfield>
            <subfield code="b">1989ApJ...336...77F</subfield>
            <subfield code="8">ISI</subfield>
         </datafield>
         <datafield tag="999" ind1="C" ind2="5">
            <subfield code="i">1989ApJ...340...29E</subfield>
            <subfield code="e">1</subfield>
            <subfield code="f">ISI</subfield>
            <subfield code="b">1989ApJ...340...29E</subfield>
            <subfield code="8">ISI</subfield>
         </datafield>
         <datafield tag="999" ind1="C" ind2="5">
            <subfield code="i">1989ApJS...69...65H</subfield>
            <subfield code="e">1</subfield>
            <subfield code="f">ISI</subfield>
            <subfield code="b">1989ApJS...69...65H</subfield>
            <subfield code="8">ISI</subfield>
         </datafield>
         <datafield tag="999" ind1="C" ind2="5">
            <subfield code="i">1989ApJS...70..271B</subfield>
            <subfield code="e">1</subfield>
            <subfield code="f">ISI</subfield>
            <subfield code="b">1989ApJS...70..271B</subfield>
            <subfield code="8">ISI</subfield>
         </datafield>
         <datafield tag="999" ind1="C" ind2="5">
            <subfield code="i">1989ApJS...70..447S</subfield>
            <subfield code="e">1</subfield>
            <subfield code="f">ISI</subfield>
            <subfield code="b">1989ApJS...70..447S</subfield>
            <subfield code="8">ISI</subfield>
         </datafield>
         <datafield tag="999" ind1="C" ind2="5">
            <subfield code="i">1989MNRAS.236..207M</subfield>
            <subfield code="e">1</subfield>
            <subfield code="f">ISI</subfield>
            <subfield code="b">1989MNRAS.236..207M</subfield>
            <subfield code="8">ISI</subfield>
         </datafield>
         <datafield tag="999" ind1="C" ind2="5">
            <subfield code="i">1989MNRAS.240..329L</subfield>
            <subfield code="e">1</subfield>
            <subfield code="f">ISI</subfield>
            <subfield code="b">1989MNRAS.240..329L</subfield>
            <subfield code="8">ISI</subfield>
         </datafield>
         <datafield tag="999" ind1="C" ind2="5">
            <subfield code="i">1990A&amp;AS...82..391B</subfield>
            <subfield code="e">1</subfield>
            <subfield code="f">ISI</subfield>
            <subfield code="b">1990A&amp;AS...82..391B</subfield>
            <subfield code="8">ISI</subfield>
         </datafield>
         <datafield tag="999" ind1="C" ind2="5">
            <subfield code="i">1990AJ.....99.1004B</subfield>
            <subfield code="e">1</subfield>
            <subfield code="f">ISI</subfield>
            <subfield code="b">1990AJ.....99.1004B</subfield>
            <subfield code="8">ISI</subfield>
         </datafield>
         <datafield tag="999" ind1="C" ind2="5">
            <subfield code="i">1990AJ.....99.1722K</subfield>
            <subfield code="e">1</subfield>
            <subfield code="f">ISI</subfield>
            <subfield code="b">1990AJ.....99.1722K</subfield>
            <subfield code="8">ISI</subfield>
         </datafield>
         <datafield tag="999" ind1="C" ind2="5">
            <subfield code="i">1990AJ.....99.2019L</subfield>
            <subfield code="e">1</subfield>
            <subfield code="f">ISI</subfield>
            <subfield code="b">1990AJ.....99.2019L</subfield>
            <subfield code="8">ISI</subfield>
         </datafield>
         <datafield tag="999" ind1="C" ind2="5">
            <subfield code="i">1990AJ....100.1405W</subfield>
            <subfield code="e">1</subfield>
            <subfield code="f">ISI</subfield>
            <subfield code="b">1990AJ....100.1405W</subfield>
            <subfield code="8">ISI</subfield>
         </datafield>
         <datafield tag="999" ind1="C" ind2="5">
            <subfield code="i">1990ApJ...355..393W</subfield>
            <subfield code="e">1</subfield>
            <subfield code="f">ISI</subfield>
            <subfield code="b">1990ApJ...355..393W</subfield>
            <subfield code="8">ISI</subfield>
         </datafield>
         <datafield tag="999" ind1="C" ind2="5">
            <subfield code="i">1990ApJ...357..388L</subfield>
            <subfield code="e">1</subfield>
            <subfield code="f">ISI</subfield>
            <subfield code="b">1990ApJ...357..388L</subfield>
            <subfield code="8">ISI</subfield>
         </datafield>
         <datafield tag="999" ind1="C" ind2="5">
            <subfield code="i">1990ApJS...72..245S</subfield>
            <subfield code="e">1</subfield>
            <subfield code="f">ISI</subfield>
            <subfield code="b">1990ApJS...72..245S</subfield>
            <subfield code="8">ISI</subfield>
         </datafield>
         <datafield tag="999" ind1="C" ind2="5">
            <subfield code="i">1990ApJS...72..433H</subfield>
            <subfield code="e">1</subfield>
            <subfield code="f">ISI</subfield>
            <subfield code="b">1990ApJS...72..433H</subfield>
            <subfield code="8">ISI</subfield>
         </datafield>
         <datafield tag="999" ind1="C" ind2="5">
            <subfield code="i">1990ApJS...74....1Z</subfield>
            <subfield code="e">1</subfield>
            <subfield code="f">ISI</subfield>
            <subfield code="b">1990ApJS...74....1Z</subfield>
            <subfield code="8">ISI</subfield>
         </datafield>
         <datafield tag="999" ind1="C" ind2="5">
            <subfield code="i">1990MNRAS.243..390K</subfield>
            <subfield code="e">1</subfield>
            <subfield code="f">ISI</subfield>
            <subfield code="b">1990MNRAS.243..390K</subfield>
            <subfield code="8">ISI</subfield>
         </datafield>
         <datafield tag="999" ind1="C" ind2="5">
            <subfield code="i">1990MNRAS.243P..14R</subfield>
            <subfield code="e">1</subfield>
            <subfield code="f">ISI</subfield>
            <subfield code="b">1990MNRAS.243P..14R</subfield>
            <subfield code="8">ISI</subfield>
         </datafield>
         <datafield tag="999" ind1="C" ind2="5">
            <subfield code="i">1991A&amp;A...242..334G</subfield>
            <subfield code="e">1</subfield>
            <subfield code="f">ISI</subfield>
            <subfield code="b">1991A&amp;A...242..334G</subfield>
            <subfield code="8">ISI</subfield>
         </datafield>
         <datafield tag="999" ind1="C" ind2="5">
            <subfield code="i">1991A&amp;AS...89..225M</subfield>
            <subfield code="e">1</subfield>
            <subfield code="f">ISI</subfield>
            <subfield code="b">1991A&amp;AS...89..225M</subfield>
            <subfield code="8">ISI</subfield>
         </datafield>
         <datafield tag="999" ind1="C" ind2="5">
            <subfield code="i">1991AJ....102..841H</subfield>
            <subfield code="e">1</subfield>
            <subfield code="f">ISI</subfield>
            <subfield code="b">1991AJ....102..841H</subfield>
            <subfield code="8">ISI</subfield>
         </datafield>
         <datafield tag="999" ind1="C" ind2="5">
            <subfield code="i">1991AJ....102.1581B</subfield>
            <subfield code="e">1</subfield>
            <subfield code="f">ISI</subfield>
            <subfield code="b">1991AJ....102.1581B</subfield>
            <subfield code="8">ISI</subfield>
         </datafield>
         <datafield tag="999" ind1="C" ind2="5">
            <subfield code="i">1991ApJ...374..431S</subfield>
            <subfield code="e">1</subfield>
            <subfield code="f">ISI</subfield>
            <subfield code="b">1991ApJ...374..431S</subfield>
            <subfield code="8">ISI</subfield>
         </datafield>
         <datafield tag="999" ind1="C" ind2="5">
            <subfield code="i">1991ApJ...377..349F</subfield>
            <subfield code="e">1</subfield>
            <subfield code="f">ISI</subfield>
            <subfield code="b">1991ApJ...377..349F</subfield>
            <subfield code="8">ISI</subfield>
         </datafield>
         <datafield tag="999" ind1="C" ind2="5">
            <subfield code="i">1991ApJS...77..331H</subfield>
            <subfield code="e">1</subfield>
            <subfield code="f">ISI</subfield>
            <subfield code="b">1991ApJS...77..331H</subfield>
            <subfield code="8">ISI</subfield>
         </datafield>
         <datafield tag="999" ind1="C" ind2="5">
            <subfield code="i">1991MNRAS.253..584L</subfield>
            <subfield code="e">1</subfield>
            <subfield code="f">ISI</subfield>
            <subfield code="b">1991MNRAS.253..584L</subfield>
            <subfield code="8">ISI</subfield>
         </datafield>
         <datafield tag="999" ind1="C" ind2="5">
            <subfield code="i">1992AJ....103...11F</subfield>
            <subfield code="e">1</subfield>
            <subfield code="f">ISI</subfield>
            <subfield code="b">1992AJ....103...11F</subfield>
            <subfield code="8">ISI</subfield>
         </datafield>
         <datafield tag="999" ind1="C" ind2="5">
            <subfield code="i">1992AJ....103..385S</subfield>
            <subfield code="e">1</subfield>
            <subfield code="f">ISI</subfield>
            <subfield code="b">1992AJ....103..385S</subfield>
            <subfield code="8">ISI</subfield>
         </datafield>
         <datafield tag="999" ind1="C" ind2="5">
            <subfield code="i">1992AJ....103.1107S</subfield>
            <subfield code="e">1</subfield>
            <subfield code="f">ISI</subfield>
            <subfield code="b">1992AJ....103.1107S</subfield>
            <subfield code="8">ISI</subfield>
         </datafield>
         <datafield tag="999" ind1="C" ind2="5">
            <subfield code="i">1992ApJ...399..353H</subfield>
            <subfield code="e">1</subfield>
            <subfield code="f">ISI</subfield>
            <subfield code="b">1992ApJ...399..353H</subfield>
            <subfield code="8">ISI</subfield>
         </datafield>
         <datafield tag="999" ind1="C" ind2="5">
            <subfield code="i">1992ApJ...400..410B</subfield>
            <subfield code="e">1</subfield>
            <subfield code="f">ISI</subfield>
            <subfield code="b">1992ApJ...400..410B</subfield>
            <subfield code="8">ISI</subfield>
         </datafield>
         <datafield tag="999" ind1="C" ind2="5">
            <subfield code="i">1992ApJS...79..157F</subfield>
            <subfield code="e">1</subfield>
            <subfield code="f">ISI</subfield>
            <subfield code="b">1992ApJS...79..157F</subfield>
            <subfield code="8">ISI</subfield>
         </datafield>
         <datafield tag="999" ind1="C" ind2="5">
            <subfield code="i">1992ApJS...81....5S</subfield>
            <subfield code="e">1</subfield>
            <subfield code="f">ISI</subfield>
            <subfield code="b">1992ApJS...81....5S</subfield>
            <subfield code="8">ISI</subfield>
         </datafield>
         <datafield tag="999" ind1="C" ind2="5">
            <subfield code="i">1992ApJS...83...29S</subfield>
            <subfield code="e">1</subfield>
            <subfield code="f">ISI</subfield>
            <subfield code="b">1992ApJS...83...29S</subfield>
            <subfield code="8">ISI</subfield>
         </datafield>
         <datafield tag="999" ind1="C" ind2="5">
            <subfield code="i">1992MNRAS.255..105K</subfield>
            <subfield code="e">1</subfield>
            <subfield code="f">ISI</subfield>
            <subfield code="b">1992MNRAS.255..105K</subfield>
            <subfield code="8">ISI</subfield>
         </datafield>
         <datafield tag="999" ind1="C" ind2="5">
            <subfield code="i">1992MNRAS.258..334S</subfield>
            <subfield code="e">1</subfield>
            <subfield code="f">ISI</subfield>
            <subfield code="b">1992MNRAS.258..334S</subfield>
            <subfield code="8">ISI</subfield>
         </datafield>
         <datafield tag="999" ind1="C" ind2="5">
            <subfield code="i">1992PASP..104...57V</subfield>
            <subfield code="e">1</subfield>
            <subfield code="f">ISI</subfield>
            <subfield code="b">1992PASP..104...57V</subfield>
            <subfield code="8">ISI</subfield>
         </datafield>
         <datafield tag="999" ind1="C" ind2="5">
            <subfield code="i">1993A&amp;AS...98..275B</subfield>
            <subfield code="e">1</subfield>
            <subfield code="f">ISI</subfield>
            <subfield code="b">1993A&amp;AS...98..275B</subfield>
            <subfield code="8">ISI</subfield>
         </datafield>
         <datafield tag="999" ind1="C" ind2="5">
            <subfield code="i">1993A&amp;AS..100..395S</subfield>
            <subfield code="e">1</subfield>
            <subfield code="f">ISI</subfield>
            <subfield code="b">1993A&amp;AS..100..395S</subfield>
            <subfield code="8">ISI</subfield>
         </datafield>
         <datafield tag="999" ind1="C" ind2="5">
            <subfield code="i">1993A&amp;AS..100..521V</subfield>
            <subfield code="e">1</subfield>
            <subfield code="f">ISI</subfield>
            <subfield code="b">1993A&amp;AS..100..521V</subfield>
            <subfield code="8">ISI</subfield>
         </datafield>
         <datafield tag="999" ind1="C" ind2="5">
            <subfield code="i">1993A&amp;AS..102...57B</subfield>
            <subfield code="e">1</subfield>
            <subfield code="f">ISI</subfield>
            <subfield code="b">1993A&amp;AS..102...57B</subfield>
            <subfield code="8">ISI</subfield>
         </datafield>
         <datafield tag="999" ind1="C" ind2="5">
            <subfield code="i">1993AJ....105..788F</subfield>
            <subfield code="e">1</subfield>
            <subfield code="f">ISI</subfield>
            <subfield code="b">1993AJ....105..788F</subfield>
            <subfield code="8">ISI</subfield>
         </datafield>
         <datafield tag="999" ind1="C" ind2="5">
            <subfield code="i">1993AJ....105.1251W</subfield>
            <subfield code="e">1</subfield>
            <subfield code="f">ISI</subfield>
            <subfield code="b">1993AJ....105.1251W</subfield>
            <subfield code="8">ISI</subfield>
         </datafield>
         <datafield tag="999" ind1="C" ind2="5">
            <subfield code="i">1993AJ....105.1271G</subfield>
            <subfield code="e">1</subfield>
            <subfield code="f">ISI</subfield>
            <subfield code="b">1993AJ....105.1271G</subfield>
            <subfield code="8">ISI</subfield>
         </datafield>
         <datafield tag="999" ind1="C" ind2="5">
            <subfield code="i">1993AJ....105.1637H</subfield>
            <subfield code="e">1</subfield>
            <subfield code="f">ISI</subfield>
            <subfield code="b">1993AJ....105.1637H</subfield>
            <subfield code="8">ISI</subfield>
         </datafield>
         <datafield tag="999" ind1="C" ind2="5">
            <subfield code="i">1993AJ....106..676A</subfield>
            <subfield code="e">1</subfield>
            <subfield code="f">ISI</subfield>
            <subfield code="b">1993AJ....106..676A</subfield>
            <subfield code="8">ISI</subfield>
         </datafield>
         <datafield tag="999" ind1="C" ind2="5">
            <subfield code="i">1993AJ....106.1273Z</subfield>
            <subfield code="e">1</subfield>
            <subfield code="f">ISI</subfield>
            <subfield code="b">1993AJ....106.1273Z</subfield>
            <subfield code="8">ISI</subfield>
         </datafield>
         <datafield tag="999" ind1="C" ind2="5">
            <subfield code="i">1993ApJ...409...14M</subfield>
            <subfield code="e">1</subfield>
            <subfield code="f">ISI</subfield>
            <subfield code="b">1993ApJ...409...14M</subfield>
            <subfield code="8">ISI</subfield>
         </datafield>
         <datafield tag="999" ind1="C" ind2="5">
            <subfield code="i">1993ApJ...416...36P</subfield>
            <subfield code="e">1</subfield>
            <subfield code="f">ISI</subfield>
            <subfield code="b">1993ApJ...416...36P</subfield>
            <subfield code="8">ISI</subfield>
         </datafield>
         <datafield tag="999" ind1="C" ind2="5">
            <subfield code="i">1993ApJS...88..383L</subfield>
            <subfield code="e">1</subfield>
            <subfield code="f">ISI</subfield>
            <subfield code="b">1993ApJS...88..383L</subfield>
            <subfield code="8">ISI</subfield>
         </datafield>
         <datafield tag="999" ind1="C" ind2="5">
            <subfield code="i">1994A&amp;AS..104..259A</subfield>
            <subfield code="e">1</subfield>
            <subfield code="f">ISI</subfield>
            <subfield code="b">1994A&amp;AS..104..259A</subfield>
            <subfield code="8">ISI</subfield>
         </datafield>
         <datafield tag="999" ind1="C" ind2="5">
            <subfield code="i">1994A&amp;AS..107..265G</subfield>
            <subfield code="e">1</subfield>
            <subfield code="f">ISI</subfield>
            <subfield code="b">1994A&amp;AS..107..265G</subfield>
            <subfield code="8">ISI</subfield>
         </datafield>
         <datafield tag="999" ind1="C" ind2="5">
            <subfield code="i">1994AJ....107..427D</subfield>
            <subfield code="e">1</subfield>
            <subfield code="f">ISI</subfield>
            <subfield code="b">1994AJ....107..427D</subfield>
            <subfield code="8">ISI</subfield>
         </datafield>
         <datafield tag="999" ind1="C" ind2="5">
            <subfield code="i">1994AJ....107.1283M</subfield>
            <subfield code="e">1</subfield>
            <subfield code="f">ISI</subfield>
            <subfield code="b">1994AJ....107.1283M</subfield>
            <subfield code="8">ISI</subfield>
         </datafield>
         <datafield tag="999" ind1="C" ind2="5">
            <subfield code="i">1994AJ....108.1476F</subfield>
            <subfield code="e">1</subfield>
            <subfield code="f">ISI</subfield>
            <subfield code="b">1994AJ....108.1476F</subfield>
            <subfield code="8">ISI</subfield>
         </datafield>
         <datafield tag="999" ind1="C" ind2="5">
            <subfield code="i">1994AJ....108.1987A</subfield>
            <subfield code="e">1</subfield>
            <subfield code="f">ISI</subfield>
            <subfield code="b">1994AJ....108.1987A</subfield>
            <subfield code="8">ISI</subfield>
         </datafield>
         <datafield tag="999" ind1="C" ind2="5">
            <subfield code="i">1994ApJ...424L...1D</subfield>
            <subfield code="e">1</subfield>
            <subfield code="f">ISI</subfield>
            <subfield code="b">1994ApJ...424L...1D</subfield>
            <subfield code="8">ISI</subfield>
         </datafield>
         <datafield tag="999" ind1="C" ind2="5">
            <subfield code="i">1994ApJ...428...43M</subfield>
            <subfield code="e">1</subfield>
            <subfield code="f">ISI</subfield>
            <subfield code="b">1994ApJ...428...43M</subfield>
            <subfield code="8">ISI</subfield>
         </datafield>
         <datafield tag="999" ind1="C" ind2="5">
            <subfield code="i">1994ApJ...431..569P</subfield>
            <subfield code="e">1</subfield>
            <subfield code="f">ISI</subfield>
            <subfield code="b">1994ApJ...431..569P</subfield>
            <subfield code="8">ISI</subfield>
         </datafield>
         <datafield tag="999" ind1="C" ind2="5">
            <subfield code="i">1994ApJ...437L...1D</subfield>
            <subfield code="e">1</subfield>
            <subfield code="f">ISI</subfield>
            <subfield code="b">1994ApJ...437L...1D</subfield>
            <subfield code="8">ISI</subfield>
         </datafield>
         <datafield tag="999" ind1="C" ind2="5">
            <subfield code="i">1994MNRAS.266L..41L</subfield>
            <subfield code="e">1</subfield>
            <subfield code="f">ISI</subfield>
            <subfield code="b">1994MNRAS.266L..41L</subfield>
            <subfield code="8">ISI</subfield>
         </datafield>
         <datafield tag="999" ind1="C" ind2="5">
            <subfield code="i">1995A&amp;AS..110...19D</subfield>
            <subfield code="e">1</subfield>
            <subfield code="f">ISI</subfield>
            <subfield code="b">1995A&amp;AS..110...19D</subfield>
            <subfield code="8">ISI</subfield>
         </datafield>
         <datafield tag="999" ind1="C" ind2="5">
            <subfield code="i">1995A&amp;AS..113..151D</subfield>
            <subfield code="e">1</subfield>
            <subfield code="f">ISI</subfield>
            <subfield code="b">1995A&amp;AS..113..151D</subfield>
            <subfield code="8">ISI</subfield>
         </datafield>
         <datafield tag="999" ind1="C" ind2="5">
            <subfield code="i">1995AJ....109...14O</subfield>
            <subfield code="e">1</subfield>
            <subfield code="f">ISI</subfield>
            <subfield code="b">1995AJ....109...14O</subfield>
            <subfield code="8">ISI</subfield>
         </datafield>
         <datafield tag="999" ind1="C" ind2="5">
            <subfield code="i">1995AJ....109..874B</subfield>
            <subfield code="e">1</subfield>
            <subfield code="f">ISI</subfield>
            <subfield code="b">1995AJ....109..874B</subfield>
            <subfield code="8">ISI</subfield>
         </datafield>
         <datafield tag="999" ind1="C" ind2="5">
            <subfield code="i">1995AJ....109.1458R</subfield>
            <subfield code="e">1</subfield>
            <subfield code="f">ISI</subfield>
            <subfield code="b">1995AJ....109.1458R</subfield>
            <subfield code="8">ISI</subfield>
         </datafield>
         <datafield tag="999" ind1="C" ind2="5">
            <subfield code="i">1995AJ....110..477M</subfield>
            <subfield code="e">1</subfield>
            <subfield code="f">ISI</subfield>
            <subfield code="b">1995AJ....110..477M</subfield>
            <subfield code="8">ISI</subfield>
         </datafield>
         <datafield tag="999" ind1="C" ind2="5">
            <subfield code="i">1995ApJ...441...28H</subfield>
            <subfield code="e">1</subfield>
            <subfield code="f">ISI</subfield>
            <subfield code="b">1995ApJ...441...28H</subfield>
            <subfield code="8">ISI</subfield>
         </datafield>
         <datafield tag="999" ind1="C" ind2="5">
            <subfield code="i">1995ApJ...444...41S</subfield>
            <subfield code="e">1</subfield>
            <subfield code="f">ISI</subfield>
            <subfield code="b">1995ApJ...444...41S</subfield>
            <subfield code="8">ISI</subfield>
         </datafield>
         <datafield tag="999" ind1="C" ind2="5">
            <subfield code="i">1995ApJS...99..391H</subfield>
            <subfield code="e">1</subfield>
            <subfield code="f">ISI</subfield>
            <subfield code="b">1995ApJS...99..391H</subfield>
            <subfield code="8">ISI</subfield>
         </datafield>
         <datafield tag="999" ind1="C" ind2="5">
            <subfield code="i">1995ApJS..100...69F</subfield>
            <subfield code="e">1</subfield>
            <subfield code="f">ISI</subfield>
            <subfield code="b">1995ApJS..100...69F</subfield>
            <subfield code="8">ISI</subfield>
         </datafield>
         <datafield tag="999" ind1="C" ind2="5">
            <subfield code="i">1995MNRAS.277.1006E</subfield>
            <subfield code="e">1</subfield>
            <subfield code="f">ISI</subfield>
            <subfield code="b">1995MNRAS.277.1006E</subfield>
            <subfield code="8">ISI</subfield>
         </datafield>
         <datafield tag="999" ind1="C" ind2="5">
            <subfield code="i">1996A&amp;AS..116...15K</subfield>
            <subfield code="e">1</subfield>
            <subfield code="f">ISI</subfield>
            <subfield code="b">1996A&amp;AS..116...15K</subfield>
            <subfield code="8">ISI</subfield>
         </datafield>
         <datafield tag="999" ind1="C" ind2="5">
            <subfield code="i">1996A&amp;AS..116..193C</subfield>
            <subfield code="e">1</subfield>
            <subfield code="f">ISI</subfield>
            <subfield code="b">1996A&amp;AS..116..193C</subfield>
            <subfield code="8">ISI</subfield>
         </datafield>
         <datafield tag="999" ind1="C" ind2="5">
            <subfield code="i">1996AJ....111..109S</subfield>
            <subfield code="e">1</subfield>
            <subfield code="f">ISI</subfield>
            <subfield code="b">1996AJ....111..109S</subfield>
            <subfield code="8">ISI</subfield>
         </datafield>
         <datafield tag="999" ind1="C" ind2="5">
            <subfield code="i">1996AJ....112..388L</subfield>
            <subfield code="e">1</subfield>
            <subfield code="f">ISI</subfield>
            <subfield code="b">1996AJ....112..388L</subfield>
            <subfield code="8">ISI</subfield>
         </datafield>
         <datafield tag="999" ind1="C" ind2="5">
            <subfield code="i">1996AJ....112.1803M</subfield>
            <subfield code="e">1</subfield>
            <subfield code="f">ISI</subfield>
            <subfield code="b">1996AJ....112.1803M</subfield>
            <subfield code="8">ISI</subfield>
         </datafield>
         <datafield tag="999" ind1="C" ind2="5">
            <subfield code="i">1996AJ....112.1816M</subfield>
            <subfield code="e">1</subfield>
            <subfield code="f">ISI</subfield>
            <subfield code="b">1996AJ....112.1816M</subfield>
            <subfield code="8">ISI</subfield>
         </datafield>
         <datafield tag="999" ind1="C" ind2="5">
            <subfield code="i">1996ApJ...456L..17L</subfield>
            <subfield code="e">1</subfield>
            <subfield code="f">ISI</subfield>
            <subfield code="b">1996ApJ...456L..17L</subfield>
            <subfield code="8">ISI</subfield>
         </datafield>
         <datafield tag="999" ind1="C" ind2="5">
            <subfield code="i">1996ApJS..104..199W</subfield>
            <subfield code="e">1</subfield>
            <subfield code="f">ISI</subfield>
            <subfield code="b">1996ApJS..104..199W</subfield>
            <subfield code="8">ISI</subfield>
         </datafield>
         <datafield tag="999" ind1="C" ind2="5">
            <subfield code="i">1996ApJS..105..209I</subfield>
            <subfield code="e">1</subfield>
            <subfield code="f">ISI</subfield>
            <subfield code="b">1996ApJS..105..209I</subfield>
            <subfield code="8">ISI</subfield>
         </datafield>
         <datafield tag="999" ind1="C" ind2="5">
            <subfield code="i">1996MNRAS.279..459C</subfield>
            <subfield code="e">1</subfield>
            <subfield code="f">ISI</subfield>
            <subfield code="b">1996MNRAS.279..459C</subfield>
            <subfield code="8">ISI</subfield>
         </datafield>
         <datafield tag="999" ind1="C" ind2="5">
            <subfield code="i">1997A&amp;A...319...67H</subfield>
            <subfield code="e">1</subfield>
            <subfield code="f">ISI</subfield>
            <subfield code="b">1997A&amp;A...319...67H</subfield>
            <subfield code="8">ISI</subfield>
         </datafield>
         <datafield tag="999" ind1="C" ind2="5">
            <subfield code="i">1997A&amp;A...319..401H</subfield>
            <subfield code="e">1</subfield>
            <subfield code="f">ISI</subfield>
            <subfield code="b">1997A&amp;A...319..401H</subfield>
            <subfield code="8">ISI</subfield>
         </datafield>
         <datafield tag="999" ind1="C" ind2="5">
            <subfield code="i">1997A&amp;AS..126..471T</subfield>
            <subfield code="e">1</subfield>
            <subfield code="f">ISI</subfield>
            <subfield code="b">1997A&amp;AS..126..471T</subfield>
            <subfield code="8">ISI</subfield>
         </datafield>
         <datafield tag="999" ind1="C" ind2="5">
            <subfield code="i">1997AJ....113..185M</subfield>
            <subfield code="e">1</subfield>
            <subfield code="f">ISI</subfield>
            <subfield code="b">1997AJ....113..185M</subfield>
            <subfield code="8">ISI</subfield>
         </datafield>
         <datafield tag="999" ind1="C" ind2="5">
            <subfield code="i">1997AJ....113..492C</subfield>
            <subfield code="e">1</subfield>
            <subfield code="f">ISI</subfield>
            <subfield code="b">1997AJ....113..492C</subfield>
            <subfield code="8">ISI</subfield>
         </datafield>
         <datafield tag="999" ind1="C" ind2="5">
            <subfield code="i">1997AJ....113..905P</subfield>
            <subfield code="e">1</subfield>
            <subfield code="f">ISI</subfield>
            <subfield code="b">1997AJ....113..905P</subfield>
            <subfield code="8">ISI</subfield>
         </datafield>
         <datafield tag="999" ind1="C" ind2="5">
            <subfield code="i">1997AJ....113.1197H</subfield>
            <subfield code="e">1</subfield>
            <subfield code="f">ISI</subfield>
            <subfield code="b">1997AJ....113.1197H</subfield>
            <subfield code="8">ISI</subfield>
         </datafield>
         <datafield tag="999" ind1="C" ind2="5">
            <subfield code="i">1997AJ....113.1939D</subfield>
            <subfield code="e">1</subfield>
            <subfield code="f">ISI</subfield>
            <subfield code="b">1997AJ....113.1939D</subfield>
            <subfield code="8">ISI</subfield>
         </datafield>
         <datafield tag="999" ind1="C" ind2="5">
            <subfield code="i">1997AJ....114..122G</subfield>
            <subfield code="e">1</subfield>
            <subfield code="f">ISI</subfield>
            <subfield code="b">1997AJ....114..122G</subfield>
            <subfield code="8">ISI</subfield>
         </datafield>
         <datafield tag="999" ind1="C" ind2="5">
            <subfield code="i">1997AJ....114..455D</subfield>
            <subfield code="e">1</subfield>
            <subfield code="f">ISI</subfield>
            <subfield code="b">1997AJ....114..455D</subfield>
            <subfield code="8">ISI</subfield>
         </datafield>
         <datafield tag="999" ind1="C" ind2="5">
            <subfield code="i">1997AJ....114.2205G</subfield>
            <subfield code="e">1</subfield>
            <subfield code="f">ISI</subfield>
            <subfield code="b">1997AJ....114.2205G</subfield>
            <subfield code="8">ISI</subfield>
         </datafield>
         <datafield tag="999" ind1="C" ind2="5">
            <subfield code="i">1997ApJ...475..479W</subfield>
            <subfield code="e">1</subfield>
            <subfield code="f">ISI</subfield>
            <subfield code="b">1997ApJ...475..479W</subfield>
            <subfield code="8">ISI</subfield>
         </datafield>
         <datafield tag="999" ind1="C" ind2="5">
            <subfield code="i">1997ApJ...478...39Z</subfield>
            <subfield code="e">1</subfield>
            <subfield code="f">ISI</subfield>
            <subfield code="b">1997ApJ...478...39Z</subfield>
            <subfield code="8">ISI</subfield>
         </datafield>
         <datafield tag="999" ind1="C" ind2="5">
            <subfield code="i">1997ApJS..111....1S</subfield>
            <subfield code="e">1</subfield>
            <subfield code="f">ISI</subfield>
            <subfield code="b">1997ApJS..111....1S</subfield>
            <subfield code="8">ISI</subfield>
         </datafield>
         <datafield tag="999" ind1="C" ind2="5">
            <subfield code="i">1997MNRAS.291..461S</subfield>
            <subfield code="e">1</subfield>
            <subfield code="f">ISI</subfield>
            <subfield code="b">1997MNRAS.291..461S</subfield>
            <subfield code="8">ISI</subfield>
         </datafield>
         <datafield tag="999" ind1="C" ind2="5">
            <subfield code="i">1998A&amp;AS..127..269H</subfield>
            <subfield code="e">1</subfield>
            <subfield code="f">ISI</subfield>
            <subfield code="b">1998A&amp;AS..127..269H</subfield>
            <subfield code="8">ISI</subfield>
         </datafield>
         <datafield tag="999" ind1="C" ind2="5">
            <subfield code="i">1998A&amp;AS..130..333T</subfield>
            <subfield code="e">1</subfield>
            <subfield code="f">ISI</subfield>
            <subfield code="b">1998A&amp;AS..130..333T</subfield>
            <subfield code="8">ISI</subfield>
         </datafield>
         <datafield tag="999" ind1="C" ind2="5">
            <subfield code="i">1998AJ....115....6B</subfield>
            <subfield code="e">1</subfield>
            <subfield code="f">ISI</subfield>
            <subfield code="b">1998AJ....115....6B</subfield>
            <subfield code="8">ISI</subfield>
         </datafield>
         <datafield tag="999" ind1="C" ind2="5">
            <subfield code="i">1998AJ....115..418D</subfield>
            <subfield code="e">1</subfield>
            <subfield code="f">ISI</subfield>
            <subfield code="b">1998AJ....115..418D</subfield>
            <subfield code="8">ISI</subfield>
         </datafield>
         <datafield tag="999" ind1="C" ind2="5">
            <subfield code="i">1998ApJ...497..645H</subfield>
            <subfield code="e">1</subfield>
            <subfield code="f">ISI</subfield>
            <subfield code="b">1998ApJ...497..645H</subfield>
            <subfield code="8">ISI</subfield>
         </datafield>
         <datafield tag="999" ind1="C" ind2="5">
            <subfield code="i">1998ApJS..115....1S</subfield>
            <subfield code="e">1</subfield>
            <subfield code="f">ISI</subfield>
            <subfield code="b">1998ApJS..115....1S</subfield>
            <subfield code="8">ISI</subfield>
         </datafield>
         <datafield tag="999" ind1="C" ind2="5">
            <subfield code="i">1998ApJS..115...43N</subfield>
            <subfield code="e">1</subfield>
            <subfield code="f">ISI</subfield>
            <subfield code="b">1998ApJS..115...43N</subfield>
            <subfield code="8">ISI</subfield>
         </datafield>
         <datafield tag="999" ind1="C" ind2="5">
            <subfield code="i">1998ApJS..119..277G</subfield>
            <subfield code="e">1</subfield>
            <subfield code="f">ISI</subfield>
            <subfield code="b">1998ApJS..119..277G</subfield>
            <subfield code="8">ISI</subfield>
         </datafield>
         <datafield tag="999" ind1="C" ind2="5">
            <subfield code="i">1998PASP..110...79F</subfield>
            <subfield code="e">1</subfield>
            <subfield code="f">ISI</subfield>
            <subfield code="b">1998PASP..110...79F</subfield>
            <subfield code="8">ISI</subfield>
         </datafield>
         <datafield tag="999" ind1="C" ind2="5">
            <subfield code="i">1998PASP..110..934K</subfield>
            <subfield code="e">1</subfield>
            <subfield code="f">ISI</subfield>
            <subfield code="b">1998PASP..110..934K</subfield>
            <subfield code="8">ISI</subfield>
         </datafield>
      </record>
      <record>
         <datafield tag="970" ind1="" ind2="">
            <subfield code="a">1999PASP..111..438F</subfield>
            <subfield code="8">ADS metadata</subfield>
         </datafield>
         <datafield tag="035" ind1="" ind2="">
            <subfield code="a">1999PASP..111..438F</subfield>
            <subfield code="2">ADS bibcode</subfield>
            <subfield code="8">ADS metadata</subfield>
         </datafield>
         <datafield tag="961" ind1="" ind2="">
            <subfield code="c">2011-09-17T01:46:43</subfield>
            <subfield code="x">2011-09-17T01:46:43</subfield>
            <subfield code="8">UCP</subfield>
         </datafield>
         <datafield tag="999" ind1="C" ind2="5">
            <subfield code="i">1980A&amp;A....91..302A</subfield>
            <subfield code="e">1</subfield>
            <subfield code="f">UCP</subfield>
            <subfield code="b">Afanasiev, V., et al. 1980, A&amp;A, 91, 302</subfield>
            <subfield code="8">UCP</subfield>
         </datafield>
         <datafield tag="999" ind1="C" ind2="5">
            <subfield code="i">1979A&amp;AS...35..163A</subfield>
            <subfield code="e">1</subfield>
            <subfield code="f">UCP</subfield>
            <subfield code="b">Allen, R., &amp; Shostak, G. 1979, A&amp;AS, 35, 163</subfield>
            <subfield code="8">UCP</subfield>
         </datafield>
         <datafield tag="999" ind1="C" ind2="5">
            <subfield code="i">1994AJ....108.1987A</subfield>
            <subfield code="e">1</subfield>
            <subfield code="f">UCP</subfield>
            <subfield code="b">Alonso, V. M., da Costa, N. L., Latham, D. W., Pellegrini, P. S., &amp; Milone, A. A. E. 1994, AJ, 108, 1987</subfield>
            <subfield code="8">UCP</subfield>
         </datafield>
         <datafield tag="999" ind1="C" ind2="5">
            <subfield code="i">1993AJ....106..676A</subfield>
            <subfield code="e">1</subfield>
            <subfield code="f">UCP</subfield>
            <subfield code="b">Alonso, V. M., da Costa, N. L., &amp; Pellegrini, P. S. 1993, AJ, 106, 676</subfield>
            <subfield code="8">UCP</subfield>
         </datafield>
         <datafield tag="999" ind1="C" ind2="5">
            <subfield code="i">1970Afz.....6...39A</subfield>
            <subfield code="e">1</subfield>
            <subfield code="f">UCP</subfield>
            <subfield code="b">Arakelyan, M., Dibai, E., &amp; Esipov, V. 1970a, Astrofizika, 6, 39</subfield>
            <subfield code="8">UCP</subfield>
         </datafield>
         <datafield tag="999" ind1="C" ind2="5">
            <subfield code="i">1971Afz.....7..177A</subfield>
            <subfield code="e">1</subfield>
            <subfield code="f">UCP</subfield>
            <subfield code="b">---. 1970b, Astrofizika, 7, 177</subfield>
            <subfield code="8">UCP</subfield>
         </datafield>
         <datafield tag="999" ind1="C" ind2="5">
            <subfield code="i">1972Afz.....8...33A</subfield>
            <subfield code="e">1</subfield>
            <subfield code="f">UCP</subfield>
            <subfield code="b">---. 1972a, Astrofizika, 8, 33</subfield>
            <subfield code="8">UCP</subfield>
         </datafield>
         <datafield tag="999" ind1="C" ind2="5">
            <subfield code="i">1972Afz.....8..177A</subfield>
            <subfield code="e">1</subfield>
            <subfield code="f">UCP</subfield>
            <subfield code="b">---. 1972b, Astrofizika, 8, 177</subfield>
            <subfield code="8">UCP</subfield>
         </datafield>
         <datafield tag="999" ind1="C" ind2="5">
            <subfield code="i">1972Afz.....8..329A</subfield>
            <subfield code="e">1</subfield>
            <subfield code="f">UCP</subfield>
            <subfield code="b">---. 1972c, Astrofizika, 8, 329</subfield>
            <subfield code="8">UCP</subfield>
         </datafield>
         <datafield tag="999" ind1="C" ind2="5">
            <subfield code="i">1975Afz....11...15A</subfield>
            <subfield code="e">1</subfield>
            <subfield code="f">UCP</subfield>
            <subfield code="b">---. 1975a, Astrofizika, 11, 15</subfield>
            <subfield code="8">UCP</subfield>
         </datafield>
         <datafield tag="999" ind1="C" ind2="5">
            <subfield code="i">1975Afz....11..377A</subfield>
            <subfield code="e">1</subfield>
            <subfield code="f">UCP</subfield>
            <subfield code="b">Arakelyan, M., Dibai, E., &amp; Esipov, V. 1975b, Astrofizika, 11, 377</subfield>
            <subfield code="8">UCP</subfield>
         </datafield>
         <datafield tag="999" ind1="C" ind2="5">
            <subfield code="i">1976Afz....12..195A</subfield>
            <subfield code="e">1</subfield>
            <subfield code="f">UCP</subfield>
            <subfield code="b">---. 1976a, Astrofizika, 12, 195</subfield>
            <subfield code="8">UCP</subfield>
         </datafield>
         <datafield tag="999" ind1="C" ind2="5">
            <subfield code="i">1976Afz....12..683A</subfield>
            <subfield code="e">1</subfield>
            <subfield code="f">UCP</subfield>
            <subfield code="b">---. 1976b, Astrofizika, 12, 685</subfield>
            <subfield code="8">UCP</subfield>
         </datafield>
         <datafield tag="999" ind1="C" ind2="5">
            <subfield code="i">1979SvAL....5..140A</subfield>
            <subfield code="e">1</subfield>
            <subfield code="f">UCP</subfield>
            <subfield code="b">Arkhipova, V., &amp; Esipov, V. 1979, Soviet Astron. Lett., 5, 140</subfield>
            <subfield code="8">UCP</subfield>
         </datafield>
         <datafield tag="999" ind1="C" ind2="5">
            <subfield code="i">1976SvA....20..521A</subfield>
            <subfield code="e">1</subfield>
            <subfield code="f">UCP</subfield>
            <subfield code="b">Arkhipova, V., Esipov, V., &amp; Savel'eva, M. 1976, Soviet Astron., 20, 521</subfield>
            <subfield code="8">UCP</subfield>
         </datafield>
         <datafield tag="999" ind1="C" ind2="5">
            <subfield code="i">1981Afz....17..239A</subfield>
            <subfield code="e">1</subfield>
            <subfield code="f">UCP</subfield>
            <subfield code="b">Arkhipova, V., et al. 1981, Astrofizika, 17, 240</subfield>
            <subfield code="8">UCP</subfield>
         </datafield>
         <datafield tag="999" ind1="C" ind2="5">
            <subfield code="i">1987A&amp;A...185....4A</subfield>
            <subfield code="e">1</subfield>
            <subfield code="f">UCP</subfield>
            <subfield code="b">Augarde, R., et al. 1987, A&amp;A, 185, 4</subfield>
            <subfield code="8">UCP</subfield>
         </datafield>
         <datafield tag="999" ind1="C" ind2="5">
            <subfield code="i">1994A&amp;AS..104..259A</subfield>
            <subfield code="e">1</subfield>
            <subfield code="f">UCP</subfield>
            <subfield code="b">---. 1994, A&amp;AS, 104, 259</subfield>
            <subfield code="8">UCP</subfield>
         </datafield>
         <datafield tag="999" ind1="C" ind2="5">
            <subfield code="i">1988MNRAS.231.1077A</subfield>
            <subfield code="e">1</subfield>
            <subfield code="f">UCP</subfield>
            <subfield code="b">Axon, D., et al. 1988, MNRAS, 231, 1077</subfield>
            <subfield code="8">UCP</subfield>
         </datafield>
         <datafield tag="999" ind1="C" ind2="5">
            <subfield code="i">1978A&amp;A....69..263B</subfield>
            <subfield code="e">1</subfield>
            <subfield code="f">UCP</subfield>
            <subfield code="b">Balkowski, C., Chamaraux, P., &amp; Weliachew, L. 1978, A&amp;A, 69, 263</subfield>
            <subfield code="8">UCP</subfield>
         </datafield>
         <datafield tag="999" ind1="C" ind2="5">
            <subfield code="i">1979A&amp;AS...37..559B</subfield>
            <subfield code="e">1</subfield>
            <subfield code="f">UCP</subfield>
            <subfield code="b">Barbieri, C., et al. 1979, A&amp;AS, 37, 559</subfield>
            <subfield code="8">UCP</subfield>
         </datafield>
         <datafield tag="999" ind1="C" ind2="5">
            <subfield code="i">1982A&amp;AS...49...73B</subfield>
            <subfield code="e">1</subfield>
            <subfield code="f">UCP</subfield>
            <subfield code="b">Barbon, R., et al. 1982, A&amp;AS, 49, 73</subfield>
            <subfield code="8">UCP</subfield>
         </datafield>
         <datafield tag="999" ind1="C" ind2="5">
            <subfield code="i">1998AJ....115....6B</subfield>
            <subfield code="e">1</subfield>
            <subfield code="f">UCP</subfield>
            <subfield code="b">Barmby, P., &amp; Huchra, J. P. 1998, AJ, 115, 6</subfield>
            <subfield code="8">UCP</subfield>
         </datafield>
         <datafield tag="999" ind1="C" ind2="5">
            <subfield code="i">1998astro.ph..6397B</subfield>
            <subfield code="r">arxiv: astro-ph/9806397</subfield>
            <subfield code="e">1</subfield>
            <subfield code="f">UCP</subfield>
            <subfield code="b">Barton, E. J., de Carvalho, R. R., &amp; Geller, M. J. 1998, preprint (astro-ph/9806397)</subfield>
            <subfield code="8">UCP</subfield>
         </datafield>
         <datafield tag="999" ind1="C" ind2="5">
            <subfield code="i">1984ApJ...283...33B</subfield>
            <subfield code="e">1</subfield>
            <subfield code="f">UCP</subfield>
            <subfield code="b">Beers, T., et al. 1984, ApJ, 283, 33</subfield>
            <subfield code="8">UCP</subfield>
         </datafield>
         <datafield tag="999" ind1="C" ind2="5">
            <subfield code="i">1991AJ....102.1581B</subfield>
            <subfield code="e">1</subfield>
            <subfield code="f">UCP</subfield>
            <subfield code="b">Beers, T., et al. 1991, AJ, 102, 1581</subfield>
            <subfield code="8">UCP</subfield>
         </datafield>
         <datafield tag="999" ind1="C" ind2="5">
            <subfield code="i">1995AJ....109..874B</subfield>
            <subfield code="e">1</subfield>
            <subfield code="f">UCP</subfield>
            <subfield code="b">Beers, T., et al. 1995, AJ, 109, 874</subfield>
            <subfield code="8">UCP</subfield>
         </datafield>
         <datafield tag="999" ind1="C" ind2="5">
            <subfield code="i">1992ApJ...400..410B</subfield>
            <subfield code="e">1</subfield>
            <subfield code="f">UCP</subfield>
            <subfield code="b">Beers, T. C., et al. 1992, ApJ, 400, 410</subfield>
            <subfield code="8">UCP</subfield>
         </datafield>
         <datafield tag="999" ind1="C" ind2="5">
            <subfield code="i">1986AJ.....91..705B</subfield>
            <subfield code="e">1</subfield>
            <subfield code="f">UCP</subfield>
            <subfield code="b">Bicay, M., &amp; Giovanelli, R. 1986, AJ, 91, 705</subfield>
            <subfield code="8">UCP</subfield>
         </datafield>
         <datafield tag="999" ind1="C" ind2="5">
            <subfield code="i">1987AJ.....93.1326B</subfield>
            <subfield code="e">1</subfield>
            <subfield code="f">UCP</subfield>
            <subfield code="b">---. 1987, AJ, 93, 1326</subfield>
            <subfield code="8">UCP</subfield>
         </datafield>
         <datafield tag="999" ind1="C" ind2="5">
            <subfield code="i">1993A&amp;AS...98..275B</subfield>
            <subfield code="e">1</subfield>
            <subfield code="f">UCP</subfield>
            <subfield code="b">Binggeli, B., Popescu, C. C., &amp; Tammann, G. A. 1993, A&amp;AS, 98, 275</subfield>
            <subfield code="8">UCP</subfield>
         </datafield>
         <datafield tag="999" ind1="C" ind2="5">
            <subfield code="i">1985AJ.....90.1681B</subfield>
            <subfield code="e">1</subfield>
            <subfield code="f">UCP</subfield>
            <subfield code="b">Binggeli, B., Sandage, A., &amp; Tammann, G. 1985, AJ, 90, 1681</subfield>
            <subfield code="8">UCP</subfield>
         </datafield>
         <datafield tag="999" ind1="C" ind2="5">
            <subfield code="i">1978ApJ...221..776B</subfield>
            <subfield code="e">1</subfield>
            <subfield code="f">UCP</subfield>
            <subfield code="b">Bohuski, T., Fairall, A., &amp; Weedman, D. 1978, ApJ, 221, 776</subfield>
            <subfield code="8">UCP</subfield>
         </datafield>
         <datafield tag="999" ind1="C" ind2="5">
            <subfield code="i">1988A&amp;A...198..100B</subfield>
            <subfield code="e">1</subfield>
            <subfield code="f">UCP</subfield>
            <subfield code="b">Bosma, A., van der Hulst, J., &amp; Athanassoula, E. 1988, A&amp;A, 198, 100</subfield>
            <subfield code="8">UCP</subfield>
         </datafield>
         <datafield tag="999" ind1="C" ind2="5">
            <subfield code="i">1977A&amp;A....57..373B</subfield>
            <subfield code="e">1</subfield>
            <subfield code="f">UCP</subfield>
            <subfield code="b">Bosma, A., van der Hulst, J. M., &amp; Sullivan, W. T. 1977, A&amp;A, 57, 373</subfield>
            <subfield code="8">UCP</subfield>
         </datafield>
         <datafield tag="999" ind1="C" ind2="5">
            <subfield code="i">1981PhDT........91B</subfield>
            <subfield code="e">1</subfield>
            <subfield code="f">UCP</subfield>
            <subfield code="b">Bothun, G. 1981, Ph.D. thesis, Univ. Washington</subfield>
            <subfield code="8">UCP</subfield>
         </datafield>
         <datafield tag="999" ind1="C" ind2="5">
            <subfield code="i">1990AJ.....99.1004B</subfield>
            <subfield code="e">1</subfield>
            <subfield code="f">UCP</subfield>
            <subfield code="b">Bothun, G. D., &amp; Cornell, M. E. 1990, AJ, 99, 1004</subfield>
            <subfield code="8">UCP</subfield>
         </datafield>
         <datafield tag="999" ind1="C" ind2="5">
            <subfield code="i">1983ApJ...268...47B</subfield>
            <subfield code="e">1</subfield>
            <subfield code="f">UCP</subfield>
            <subfield code="b">Bothun, G., et al. 1983, ApJ, 268, 47</subfield>
            <subfield code="8">UCP</subfield>
         </datafield>
         <datafield tag="999" ind1="C" ind2="5">
            <subfield code="i">1985ApJS...57..423B</subfield>
            <subfield code="e">1</subfield>
            <subfield code="f">UCP</subfield>
            <subfield code="b">Bothun, G., et al. 1985a, ApJS, 57, 423</subfield>
            <subfield code="8">UCP</subfield>
         </datafield>
         <datafield tag="999" ind1="C" ind2="5">
            <subfield code="i">1985AJ.....90.2487B</subfield>
            <subfield code="e">1</subfield>
            <subfield code="f">UCP</subfield>
            <subfield code="b">Bothun, G., et al. 1985b, AJ, 90, 2487</subfield>
            <subfield code="8">UCP</subfield>
         </datafield>
         <datafield tag="999" ind1="C" ind2="5">
            <subfield code="i">1989ApJS...70..271B</subfield>
            <subfield code="e">1</subfield>
            <subfield code="f">UCP</subfield>
            <subfield code="b">Bothun, G., et al. 1989, ApJS, 70, 271</subfield>
            <subfield code="8">UCP</subfield>
         </datafield>
         <datafield tag="999" ind1="C" ind2="5">
            <subfield code="i">1990A&amp;AS...82..391B</subfield>
            <subfield code="e">1</subfield>
            <subfield code="f">UCP</subfield>
            <subfield code="b">Bottinelli, L., et al. 1990, A&amp;AS, 82, 391</subfield>
            <subfield code="8">UCP</subfield>
         </datafield>
         <datafield tag="999" ind1="C" ind2="5">
            <subfield code="i">1993A&amp;AS..102...57B</subfield>
            <subfield code="e">1</subfield>
            <subfield code="f">UCP</subfield>
            <subfield code="b">Bottinelli, L., et al. 1993, A&amp;AS, 102, 57</subfield>
            <subfield code="8">UCP</subfield>
         </datafield>
         <datafield tag="999" ind1="C" ind2="5">
            <subfield code="i">1980A&amp;A....88...32B</subfield>
            <subfield code="e">1</subfield>
            <subfield code="f">UCP</subfield>
            <subfield code="b">Bottinelli, L., Gouguenheim, L., &amp; Paturel, G. 1980, A&amp;A, 88, 32</subfield>
            <subfield code="8">UCP</subfield>
         </datafield>
         <datafield tag="999" ind1="C" ind2="5">
            <subfield code="i">1981A&amp;AS...44..217B</subfield>
            <subfield code="e">1</subfield>
            <subfield code="f">UCP</subfield>
            <subfield code="b">---. 1981, A&amp;AS, 44, 217</subfield>
            <subfield code="8">UCP</subfield>
         </datafield>
         <datafield tag="999" ind1="C" ind2="5">
            <subfield code="i">1982A&amp;AS...50..101B</subfield>
            <subfield code="e">1</subfield>
            <subfield code="f">UCP</subfield>
            <subfield code="b">---. 1982, A&amp;AS, 50, 101</subfield>
            <subfield code="8">UCP</subfield>
         </datafield>
         <datafield tag="999" ind1="C" ind2="5">
            <subfield code="i">1985PASA....6..151C</subfield>
            <subfield code="e">1</subfield>
            <subfield code="f">UCP</subfield>
            <subfield code="b">Caganoff, S., Bicknell, G. V., &amp; Carter, D. 1985, PASA 6, 151</subfield>
            <subfield code="8">UCP</subfield>
         </datafield>
         <datafield tag="999" ind1="C" ind2="5">
            <subfield code="i">1997AJ....113..492C</subfield>
            <subfield code="e">1</subfield>
            <subfield code="f">UCP</subfield>
            <subfield code="b">Caldwell, N., &amp; Rose, J. A. 1997, AJ, 113, 492</subfield>
            <subfield code="8">UCP</subfield>
         </datafield>
         <datafield tag="999" ind1="C" ind2="5">
            <subfield code="i">1996A&amp;AS..116..193C</subfield>
            <subfield code="e">1</subfield>
            <subfield code="f">UCP</subfield>
            <subfield code="b">Casoli, F., Dickey, J., Kazes, I., Boselli, A., Gavazzi, G., &amp; Jore, K. 1996, A&amp;A, S 116, 193</subfield>
            <subfield code="8">UCP</subfield>
         </datafield>
         <datafield tag="999" ind1="C" ind2="5">
            <subfield code="i">1987AJ.....94..571C</subfield>
            <subfield code="e">1</subfield>
            <subfield code="f">UCP</subfield>
            <subfield code="b">Chapman, G. N. F., Geller, M. J., &amp; Huchra, J. 1987a, AJ, 94, 571</subfield>
            <subfield code="8">UCP</subfield>
         </datafield>
         <datafield tag="999" ind1="C" ind2="5">
            <subfield code="i">1988AJ.....95..999C</subfield>
            <subfield code="e">1</subfield>
            <subfield code="f">UCP</subfield>
            <subfield code="b">---. 1987b, AJ, 95, 999</subfield>
            <subfield code="8">UCP</subfield>
         </datafield>
         <datafield tag="999" ind1="C" ind2="5">
            <subfield code="i">1983ApJ...269...13C</subfield>
            <subfield code="e">1</subfield>
            <subfield code="f">UCP</subfield>
            <subfield code="b">Chincarini, G. L., Giovanelli, R., &amp; Haynes, M. P. 1983, ApJ, 269, 13</subfield>
            <subfield code="8">UCP</subfield>
         </datafield>
         <datafield tag="999" ind1="C" ind2="5">
            <subfield code="i">1972AJ.....77..448C</subfield>
            <subfield code="e">1</subfield>
            <subfield code="f">UCP</subfield>
            <subfield code="b">Chincarini, G., &amp; Rood, H. 1972, AJ, 77, 448</subfield>
            <subfield code="8">UCP</subfield>
         </datafield>
         <datafield tag="999" ind1="C" ind2="5">
            <subfield code="i">1976ApJ...206...30C</subfield>
            <subfield code="e">1</subfield>
            <subfield code="f">UCP</subfield>
            <subfield code="b">---. 1976, ApJ, 206, 30</subfield>
            <subfield code="8">UCP</subfield>
         </datafield>
         <datafield tag="999" ind1="C" ind2="5">
            <subfield code="i">1977ApJ...214..351C</subfield>
            <subfield code="e">1</subfield>
            <subfield code="f">UCP</subfield>
            <subfield code="b">---. 1977, ApJ, 214, 351</subfield>
            <subfield code="8">UCP</subfield>
         </datafield>
         <datafield tag="999" ind1="C" ind2="5">
            <subfield code="i">1996MNRAS.279..459C</subfield>
            <subfield code="e">1</subfield>
            <subfield code="f">UCP</subfield>
            <subfield code="b">Clements, D. L., et al. 1996, MNRAS, 279, 459</subfield>
            <subfield code="8">UCP</subfield>
         </datafield>
         <datafield tag="999" ind1="C" ind2="5">
            <subfield code="i">1982MNRAS.200..621C</subfield>
            <subfield code="e">1</subfield>
            <subfield code="f">UCP</subfield>
            <subfield code="b">Corwin, H. G., Jr., &amp; Emerson, D. 1982, MNRAS, 200, 621</subfield>
            <subfield code="8">UCP</subfield>
         </datafield>
         <datafield tag="999" ind1="C" ind2="5">
            <subfield code="i">1984AJ.....89.1310D</subfield>
            <subfield code="e">1</subfield>
            <subfield code="f">UCP</subfield>
            <subfield code="b">da Costa, L. N., et al. 1984, AJ, 89, 1310</subfield>
            <subfield code="8">UCP</subfield>
         </datafield>
         <datafield tag="999" ind1="C" ind2="5">
            <subfield code="i">1994ApJ...424L...1D</subfield>
            <subfield code="e">1</subfield>
            <subfield code="f">UCP</subfield>
            <subfield code="b">da Costa, L. N., et al. 1994a, ApJ, 424, L1</subfield>
            <subfield code="8">UCP</subfield>
         </datafield>
         <datafield tag="999" ind1="C" ind2="5">
            <subfield code="i">1988ApJ...327..544D</subfield>
            <subfield code="e">1</subfield>
            <subfield code="f">UCP</subfield>
            <subfield code="b">da Costa, L., Pellegrini, P., Sargent, W. L. W., Tonry, J., Davis, M., Meiksin, A., &amp; Latham, D. 1988, ApJ, 327, 544</subfield>
            <subfield code="8">UCP</subfield>
         </datafield>
         <datafield tag="999" ind1="C" ind2="5">
            <subfield code="i">1994ApJ...437L...1D</subfield>
            <subfield code="e">1</subfield>
            <subfield code="f">UCP</subfield>
            <subfield code="b">da Costa, L. N., Vogeley, M. S., Geller, M. J., Huchra, J. P., &amp; Park, C. 1994b, ApJ, 437, L1</subfield>
            <subfield code="8">UCP</subfield>
         </datafield>
         <datafield tag="999" ind1="C" ind2="5">
            <subfield code="i">1997AJ....114..455D</subfield>
            <subfield code="e">1</subfield>
            <subfield code="f">UCP</subfield>
            <subfield code="b">Dale, D. A., et al. 1997, AJ, 114, 455</subfield>
            <subfield code="8">UCP</subfield>
         </datafield>
         <datafield tag="999" ind1="C" ind2="5">
            <subfield code="i">1998AJ....115..418D</subfield>
            <subfield code="e">1</subfield>
            <subfield code="f">UCP</subfield>
            <subfield code="b">Dale, D. A., et al. 1998, AJ, 115, 418</subfield>
            <subfield code="8">UCP</subfield>
         </datafield>
         <datafield tag="999" ind1="C" ind2="5">
            <subfield code="i">1987ApJS...64..581D</subfield>
            <subfield code="e">1</subfield>
            <subfield code="f">UCP</subfield>
            <subfield code="b">Davies, R., et al. 1987, ApJS, 64, 581</subfield>
            <subfield code="8">UCP</subfield>
         </datafield>
         <datafield tag="999" ind1="C" ind2="5">
            <subfield code="i">1982ApJ...253..423D</subfield>
            <subfield code="e">1</subfield>
            <subfield code="f">UCP</subfield>
            <subfield code="b">Davis, M., Huchra, J. P., Latham, D. W., &amp; Tonry, J. 1982, ApJ, 253, 423</subfield>
            <subfield code="8">UCP</subfield>
         </datafield>
         <datafield tag="999" ind1="C" ind2="5">
            <subfield code="i">1995A&amp;AS..110...19D</subfield>
            <subfield code="e">1</subfield>
            <subfield code="f">UCP</subfield>
            <subfield code="b">Davoust, E., &amp; Considere, S. 1995, A&amp;AS, 110, 19</subfield>
            <subfield code="8">UCP</subfield>
         </datafield>
         <datafield tag="999" ind1="C" ind2="5">
            <subfield code="i">1985Natur.314..240D</subfield>
            <subfield code="e">1</subfield>
            <subfield code="f">UCP</subfield>
            <subfield code="b">De Grijp, M., Miley, G., &amp; Lub, J. 1985, Nature 314, 240</subfield>
            <subfield code="8">UCP</subfield>
         </datafield>
         <datafield tag="999" ind1="C" ind2="5">
            <subfield code="i">1976RC2...C......0D</subfield>
            <subfield code="e">1</subfield>
            <subfield code="f">UCP</subfield>
            <subfield code="b">de Vaucouleurs, G., de Vaucouleurs, A., &amp; Corwin, H. 1976, The Second Reference Catalogue of Bright Galaxies (Austin: Univ. Texas Press)</subfield>
            <subfield code="8">UCP</subfield>
         </datafield>
         <datafield tag="999" ind1="C" ind2="5">
            <subfield code="i">1991trcb.book.....D</subfield>
            <subfield code="e">1</subfield>
            <subfield code="f">UCP</subfield>
            <subfield code="b">de Vaucouleurs, G., de Vaucouleurs, A., Corwin, H., Buta, R., Paturel, G., &amp; Fouque, P. 1991, Third Reference Catalogue of Bright Galaxies (New York: Springer) (RC3)</subfield>
            <subfield code="8">UCP</subfield>
         </datafield>
         <datafield tag="999" ind1="C" ind2="5">
            <subfield code="i">1979AJ.....84.1811D</subfield>
            <subfield code="e">1</subfield>
            <subfield code="f">UCP</subfield>
            <subfield code="b">de Vaucouleurs, G., de Vaucouleurs, A., &amp; Nieto, J. L. 1979, AJ, 84, 1811</subfield>
            <subfield code="8">UCP</subfield>
         </datafield>
         <datafield tag="999" ind1="C" ind2="5">
            <subfield code="i">1994AJ....107..427D</subfield>
            <subfield code="e">1</subfield>
            <subfield code="f">UCP</subfield>
            <subfield code="b">Dell'Antonio, I., Geller, M., &amp; Fabricant, D. 1994, AJ, 107, 427</subfield>
            <subfield code="8">UCP</subfield>
         </datafield>
         <datafield tag="999" ind1="C" ind2="5">
            <subfield code="i">1974Afz....10..315D</subfield>
            <subfield code="e">1</subfield>
            <subfield code="f">UCP</subfield>
            <subfield code="b">Denisyuk, E., &amp; Lipovetskii, V. 1974, Astrofizika, 10, 315</subfield>
            <subfield code="8">UCP</subfield>
         </datafield>
         <datafield tag="999" ind1="C" ind2="5">
            <subfield code="i">1977SvAL....3....3D</subfield>
            <subfield code="e">1</subfield>
            <subfield code="f">UCP</subfield>
            <subfield code="b">---. 1977, Soviet Astron. Lett., 3, 3</subfield>
            <subfield code="8">UCP</subfield>
         </datafield>
         <datafield tag="999" ind1="C" ind2="5">
            <subfield code="i">1976Afz....12..665D</subfield>
            <subfield code="e">1</subfield>
            <subfield code="f">UCP</subfield>
            <subfield code="b">Denisyuk, E., Lipovetskii, V., &amp; Afanasiev, V. 1976, Astrofizika, 12, 665</subfield>
            <subfield code="8">UCP</subfield>
         </datafield>
         <datafield tag="999" ind1="C" ind2="5">
            <subfield code="i">1990AJ.....99..463D</subfield>
            <subfield code="e">1</subfield>
            <subfield code="f">UCP</subfield>
            <subfield code="b">Dey, A., Strauss, M., &amp; Huchra, J. 1989, AJ, 99, 463</subfield>
            <subfield code="8">UCP</subfield>
         </datafield>
         <datafield tag="999" ind1="C" ind2="5">
            <subfield code="i">1995A&amp;AS..113..151D</subfield>
            <subfield code="e">1</subfield>
            <subfield code="f">UCP</subfield>
            <subfield code="b">Di Nella, H., et al. 1995, A&amp;AS, 113, 151</subfield>
            <subfield code="8">UCP</subfield>
         </datafield>
         <datafield tag="999" ind1="C" ind2="5">
            <subfield code="i">1976Afz....12..689D</subfield>
            <subfield code="e">1</subfield>
            <subfield code="f">UCP</subfield>
            <subfield code="b">Dibai, E., Doroshenko, V., &amp; Terebizh, V. 1976, Astrofizika, 12, 689</subfield>
            <subfield code="8">UCP</subfield>
         </datafield>
         <datafield tag="999" ind1="C" ind2="5">
            <subfield code="i">1978ApJ...223..391D</subfield>
            <subfield code="e">1</subfield>
            <subfield code="f">UCP</subfield>
            <subfield code="b">Dickel, J., &amp; Rood, H. 1978, ApJ, 223, 391</subfield>
            <subfield code="8">UCP</subfield>
         </datafield>
         <datafield tag="999" ind1="C" ind2="5">
            <subfield code="i">1997AJ....113.1939D</subfield>
            <subfield code="e">1</subfield>
            <subfield code="f">UCP</subfield>
            <subfield code="b">Dickey, J. M. 1997, AJ, 113, 1939</subfield>
            <subfield code="8">UCP</subfield>
         </datafield>
         <datafield tag="999" ind1="C" ind2="5">
            <subfield code="i">1975Afz....11..631D</subfield>
            <subfield code="e">1</subfield>
            <subfield code="f">UCP</subfield>
            <subfield code="b">Doroshenko, V., &amp; Terebizh, V. 1975, Astrofizika, 11, 631</subfield>
            <subfield code="8">UCP</subfield>
         </datafield>
         <datafield tag="999" ind1="C" ind2="5">
            <subfield code="i">1988AJ.....95..284D</subfield>
            <subfield code="e">1</subfield>
            <subfield code="f">UCP</subfield>
            <subfield code="b">Dressler, A., &amp; Shectman, S. A. 1988, AJ, 95, 284</subfield>
            <subfield code="8">UCP</subfield>
         </datafield>
         <datafield tag="999" ind1="C" ind2="5">
            <subfield code="i">1978PASP...90..367E</subfield>
            <subfield code="e">1</subfield>
            <subfield code="f">UCP</subfield>
            <subfield code="b">Eastmond, T., &amp; Abell, G. 1978, PASP, 90, 367</subfield>
            <subfield code="8">UCP</subfield>
         </datafield>
         <datafield tag="999" ind1="C" ind2="5">
            <subfield code="i">1995MNRAS.277.1006E</subfield>
            <subfield code="e">1</subfield>
            <subfield code="f">UCP</subfield>
            <subfield code="b">Ebeling, H., Mendes de Oliveira, C., &amp; White, D. A. 1995, MNRAS, 277, 1006</subfield>
            <subfield code="8">UCP</subfield>
         </datafield>
         <datafield tag="999" ind1="C" ind2="5">
            <subfield code="i">1989ApJ...340...29E</subfield>
            <subfield code="e">1</subfield>
            <subfield code="f">UCP</subfield>
            <subfield code="b">Eder, J., et al. 1989, ApJ, 340, 29</subfield>
            <subfield code="8">UCP</subfield>
         </datafield>
         <datafield tag="999" ind1="C" ind2="5">
            <subfield code="i">1981ApJ...246...20E</subfield>
            <subfield code="e">1</subfield>
            <subfield code="f">UCP</subfield>
            <subfield code="b">Elvis, M., et al. 1981, ApJ, 246, 20</subfield>
            <subfield code="8">UCP</subfield>
         </datafield>
         <datafield tag="999" ind1="C" ind2="5">
            <subfield code="i">1977AJ.....82..187F</subfield>
            <subfield code="e">1</subfield>
            <subfield code="f">UCP</subfield>
            <subfield code="b">Faber, S., &amp; Dressler, A. 1977, AJ, 82, 187</subfield>
            <subfield code="8">UCP</subfield>
         </datafield>
         <datafield tag="999" ind1="C" ind2="5">
            <subfield code="i">1998PASP..110...79F</subfield>
            <subfield code="e">1</subfield>
            <subfield code="f">UCP</subfield>
            <subfield code="b">Fabricant, D., Cheimets, P., Caldwell, N., &amp; Geary, J. 1998, PASP, 110, 79</subfield>
            <subfield code="8">UCP</subfield>
         </datafield>
         <datafield tag="999" ind1="C" ind2="5">
            <subfield code="i">1989ApJ...336...77F</subfield>
            <subfield code="e">1</subfield>
            <subfield code="f">UCP</subfield>
            <subfield code="b">Fabricant, D., Kent, S., &amp; Kurtz, J. 1989, ApJ, 336, 77</subfield>
            <subfield code="8">UCP</subfield>
         </datafield>
         <datafield tag="999" ind1="C" ind2="5">
            <subfield code="i">1986ApJ...308..530F</subfield>
            <subfield code="e">1</subfield>
            <subfield code="f">UCP</subfield>
            <subfield code="b">Fabricant, D., et al. 1986, ApJ, 308, 530</subfield>
            <subfield code="8">UCP</subfield>
         </datafield>
         <datafield tag="999" ind1="C" ind2="5">
            <subfield code="i">1993AJ....105..788F</subfield>
            <subfield code="e">1</subfield>
            <subfield code="f">UCP</subfield>
            <subfield code="b">Fabricant, D., et al. 1993, AJ, 105, 788</subfield>
            <subfield code="8">UCP</subfield>
         </datafield>
         <datafield tag="999" ind1="C" ind2="5">
            <subfield code="i">1992AJ....103...11F</subfield>
            <subfield code="e">1</subfield>
            <subfield code="f">UCP</subfield>
            <subfield code="b">Fairall, A. P., et al. 1992, AJ, 103, 11</subfield>
            <subfield code="8">UCP</subfield>
         </datafield>
         <datafield tag="999" ind1="C" ind2="5">
            <subfield code="i">1995ApJS..100...69F</subfield>
            <subfield code="e">1</subfield>
            <subfield code="f">UCP</subfield>
            <subfield code="b">Fisher, K., et al. 1995, ApJS, 100, 69</subfield>
            <subfield code="8">UCP</subfield>
         </datafield>
         <datafield tag="999" ind1="C" ind2="5">
            <subfield code="i">1981ApJS...47..139F</subfield>
            <subfield code="e">1</subfield>
            <subfield code="f">UCP</subfield>
            <subfield code="b">Fisher, J. R., &amp; Tully, R. B. 1981, ApJS, 47, 139</subfield>
            <subfield code="8">UCP</subfield>
         </datafield>
         <datafield tag="999" ind1="C" ind2="5">
            <subfield code="i">1986A&amp;A...161..217F</subfield>
            <subfield code="e">1</subfield>
            <subfield code="f">UCP</subfield>
            <subfield code="b">Focardi, P., Marano, B., &amp; Vettolani, G. 1986, A&amp;A, 161, 217</subfield>
            <subfield code="8">UCP</subfield>
         </datafield>
         <datafield tag="999" ind1="C" ind2="5">
            <subfield code="i">1987AJ.....93..529F</subfield>
            <subfield code="e">1</subfield>
            <subfield code="f">UCP</subfield>
            <subfield code="b">Foltz, C., &amp; Chaffee, F. 1987, AJ, 93, 529</subfield>
            <subfield code="8">UCP</subfield>
         </datafield>
         <datafield tag="999" ind1="C" ind2="5">
            <subfield code="i">1984A&amp;A...138...85F</subfield>
            <subfield code="e">1</subfield>
            <subfield code="f">UCP</subfield>
            <subfield code="b">Fontanelli, P. 1984, A&amp;A, 138, 85</subfield>
            <subfield code="8">UCP</subfield>
         </datafield>
         <datafield tag="999" ind1="C" ind2="5">
            <subfield code="i">1994AJ....108.1476F</subfield>
            <subfield code="e">1</subfield>
            <subfield code="f">UCP</subfield>
            <subfield code="b">Frei, Z., &amp; Gunn, J. E. 1994, AJ, 108, 1476</subfield>
            <subfield code="8">UCP</subfield>
         </datafield>
         <datafield tag="999" ind1="C" ind2="5">
            <subfield code="i">1988AJ.....96.1791F</subfield>
            <subfield code="e">1</subfield>
            <subfield code="f">UCP</subfield>
            <subfield code="b">Freudling, W., Haynes, M., &amp; Giovanelli, R. 1988, AJ, 96, 1791</subfield>
            <subfield code="8">UCP</subfield>
         </datafield>
         <datafield tag="999" ind1="C" ind2="5">
            <subfield code="i">1992ApJS...79..157F</subfield>
            <subfield code="e">1</subfield>
            <subfield code="f">UCP</subfield>
            <subfield code="b">---. 1992, ApJS, 79, 157</subfield>
            <subfield code="8">UCP</subfield>
         </datafield>
         <datafield tag="999" ind1="C" ind2="5">
            <subfield code="i">1991ApJ...377..349F</subfield>
            <subfield code="e">1</subfield>
            <subfield code="f">UCP</subfield>
            <subfield code="b">Freudling, W., Martel, H., &amp; Haynes, M. P. 1991, ApJ, 377, 349</subfield>
            <subfield code="8">UCP</subfield>
         </datafield>
         <datafield tag="999" ind1="C" ind2="5">
            <subfield code="i">1994A&amp;AS..107..265G</subfield>
            <subfield code="e">1</subfield>
            <subfield code="f">UCP</subfield>
            <subfield code="b">Garcia, A. M., et al. 1994, A&amp;AS, 107, 265</subfield>
            <subfield code="8">UCP</subfield>
         </datafield>
         <datafield tag="999" ind1="C" ind2="5">
            <subfield code="i">1987ApJ...320...96G</subfield>
            <subfield code="e">1</subfield>
            <subfield code="f">UCP</subfield>
            <subfield code="b">Gavazzi, G. 1987, ApJ, 320, 96</subfield>
            <subfield code="8">UCP</subfield>
         </datafield>
         <datafield tag="999" ind1="C" ind2="5">
            <subfield code="i">1984AJ.....89..319G</subfield>
            <subfield code="e">1</subfield>
            <subfield code="f">UCP</subfield>
            <subfield code="b">Geller, M., et al. 1984, AJ, 89, 319</subfield>
            <subfield code="8">UCP</subfield>
         </datafield>
         <datafield tag="999" ind1="C" ind2="5">
            <subfield code="i">1989Sci...246..897G</subfield>
            <subfield code="e">1</subfield>
            <subfield code="f">UCP</subfield>
            <subfield code="b">Geller, M. J., &amp; Huchra, J. P. 1989, Science, 246, 857</subfield>
            <subfield code="8">UCP</subfield>
         </datafield>
         <datafield tag="999" ind1="C" ind2="5">
            <subfield code="i">1997AJ....114.2205G</subfield>
            <subfield code="e">1</subfield>
            <subfield code="f">UCP</subfield>
            <subfield code="b">Geller, M. J., Kurtz, M. J., Wegner, G., Thorstensen, J. R., Fabricant, D. G., Marzke, R. O., Huchra, J. P., &amp; Falco, E. E. 1997, AJ, 114, 2205</subfield>
            <subfield code="8">UCP</subfield>
         </datafield>
         <datafield tag="999" ind1="C" ind2="5">
            <subfield code="i">1985ApJS...58..623G</subfield>
            <subfield code="e">1</subfield>
            <subfield code="f">UCP</subfield>
            <subfield code="b">Giovanardi, C., &amp; Salpeter, E. 1985, ApJS, 58, 623</subfield>
            <subfield code="8">UCP</subfield>
         </datafield>
         <datafield tag="999" ind1="C" ind2="5">
            <subfield code="i">1997AJ....114..122G</subfield>
            <subfield code="e">1</subfield>
            <subfield code="f">UCP</subfield>
            <subfield code="b">Giovanelli, R., Avera, E., &amp; Karachentsev, I. D. 1997, AJ, 114, 122</subfield>
            <subfield code="8">UCP</subfield>
         </datafield>
         <datafield tag="999" ind1="C" ind2="5">
            <subfield code="i">1982AJ.....87.1355G</subfield>
            <subfield code="e">1</subfield>
            <subfield code="f">UCP</subfield>
            <subfield code="b">---. 1982, AJ, 87, 1355</subfield>
            <subfield code="8">UCP</subfield>
         </datafield>
         <datafield tag="999" ind1="C" ind2="5">
            <subfield code="i">1985ApJ...292..404G</subfield>
            <subfield code="e">1</subfield>
            <subfield code="f">UCP</subfield>
            <subfield code="b">---. 1985a, ApJ, 292, 404</subfield>
            <subfield code="8">UCP</subfield>
         </datafield>
         <datafield tag="999" ind1="C" ind2="5">
            <subfield code="i">1985AJ.....90.2445G</subfield>
            <subfield code="e">1</subfield>
            <subfield code="f">UCP</subfield>
            <subfield code="b">---. 1985b, AJ, 90, 2445</subfield>
            <subfield code="8">UCP</subfield>
         </datafield>
         <datafield tag="999" ind1="C" ind2="5">
            <subfield code="e">5</subfield>
            <subfield code="f">UCP</subfield>
            <subfield code="b">---. 1989, AJ, 90, 633</subfield>
            <subfield code="8">UCP</subfield>
         </datafield>
         <datafield tag="999" ind1="C" ind2="5">
            <subfield code="i">1993AJ....105.1271G</subfield>
            <subfield code="e">1</subfield>
            <subfield code="f">UCP</subfield>
            <subfield code="b">---. 1993, AJ, 105, 1271</subfield>
            <subfield code="8">UCP</subfield>
         </datafield>
         <datafield tag="999" ind1="C" ind2="5">
            <subfield code="i">1986AJ.....92..250G</subfield>
            <subfield code="e">1</subfield>
            <subfield code="f">UCP</subfield>
            <subfield code="b">Giovanelli, R., et al. 1986, AJ, 92, 250</subfield>
            <subfield code="8">UCP</subfield>
         </datafield>
         <datafield tag="999" ind1="C" ind2="5">
            <subfield code="i">1991A&amp;A...242..334G</subfield>
            <subfield code="e">1</subfield>
            <subfield code="f">UCP</subfield>
            <subfield code="b">Gonzalez-Serrano, J. I., &amp; Valentijn, E. A. 1991, A&amp;A, 242, 334</subfield>
            <subfield code="8">UCP</subfield>
         </datafield>
         <datafield tag="999" ind1="C" ind2="5">
            <subfield code="i">1981AJ.....86..161G</subfield>
            <subfield code="e">1</subfield>
            <subfield code="f">UCP</subfield>
            <subfield code="b">Gordon, D., &amp; Gottesman, S. 1981, AJ, 86, 161</subfield>
            <subfield code="8">UCP</subfield>
         </datafield>
         <datafield tag="999" ind1="C" ind2="5">
            <subfield code="i">1975ApJ...199....1G</subfield>
            <subfield code="e">1</subfield>
            <subfield code="f">UCP</subfield>
            <subfield code="b">Gregory, S. 1976, ApJ, 199, 1</subfield>
            <subfield code="8">UCP</subfield>
         </datafield>
         <datafield tag="999" ind1="C" ind2="5">
            <subfield code="i">1978ApJ...222..784G</subfield>
            <subfield code="e">1</subfield>
            <subfield code="f">UCP</subfield>
            <subfield code="b">Gregory, S., &amp; Thompson, L. 1978, ApJ, 222, 784</subfield>
            <subfield code="8">UCP</subfield>
         </datafield>
         <datafield tag="999" ind1="C" ind2="5">
            <subfield code="i">1998ApJS..119..277G</subfield>
            <subfield code="e">1</subfield>
            <subfield code="f">UCP</subfield>
            <subfield code="b">Grogin, N. A., Geller, M. J., &amp; Huchra, J. P. 1998, ApJS, 119, 277</subfield>
            <subfield code="8">UCP</subfield>
         </datafield>
         <datafield tag="999" ind1="C" ind2="5">
            <subfield code="e">5</subfield>
            <subfield code="f">UCP</subfield>
            <subfield code="b">Hamabe, M., et al. 1988, PASP, 40, 47</subfield>
            <subfield code="8">UCP</subfield>
         </datafield>
         <datafield tag="999" ind1="C" ind2="5">
            <subfield code="i">1997IAUC.6629....3H</subfield>
            <subfield code="e">1</subfield>
            <subfield code="f">UCP</subfield>
            <subfield code="b">Hardin, D., &amp; Bennetti, S. 1997, IAU Circ. 6629</subfield>
            <subfield code="8">UCP</subfield>
         </datafield>
         <datafield tag="999" ind1="C" ind2="5">
            <subfield code="i">1984AJ.....89..758H</subfield>
            <subfield code="e">1</subfield>
            <subfield code="f">UCP</subfield>
            <subfield code="b">Haynes, M., &amp; Giovanelli, R. 1984, AJ, 89, 758</subfield>
            <subfield code="8">UCP</subfield>
         </datafield>
         <datafield tag="999" ind1="C" ind2="5">
            <subfield code="i">1991AJ....102..841H</subfield>
            <subfield code="e">1</subfield>
            <subfield code="f">UCP</subfield>
            <subfield code="b">---. 1991a, AJ, 102, 841</subfield>
            <subfield code="8">UCP</subfield>
         </datafield>
         <datafield tag="999" ind1="C" ind2="5">
            <subfield code="i">1991ApJS...77..331H</subfield>
            <subfield code="e">1</subfield>
            <subfield code="f">UCP</subfield>
            <subfield code="b">---. 1991b, ApJS, 77, 331</subfield>
            <subfield code="8">UCP</subfield>
         </datafield>
         <datafield tag="999" ind1="C" ind2="5">
            <subfield code="i">1988AJ.....95..607H</subfield>
            <subfield code="e">1</subfield>
            <subfield code="f">UCP</subfield>
            <subfield code="b">Haynes, M., et al. 1988, AJ, 95, 607</subfield>
            <subfield code="8">UCP</subfield>
         </datafield>
         <datafield tag="999" ind1="C" ind2="5">
            <subfield code="i">1997AJ....113.1197H</subfield>
            <subfield code="e">1</subfield>
            <subfield code="f">UCP</subfield>
            <subfield code="b">Haynes, M. P., et al. 1997, AJ, 113, 1197</subfield>
            <subfield code="8">UCP</subfield>
         </datafield>
         <datafield tag="999" ind1="C" ind2="5">
            <subfield code="i">1978ApJ...224..745H</subfield>
            <subfield code="e">1</subfield>
            <subfield code="f">UCP</subfield>
            <subfield code="b">Heckman, T., Balick, B., &amp; Sullivan, W. 1978, ApJ, 224, 745</subfield>
            <subfield code="8">UCP</subfield>
         </datafield>
         <datafield tag="999" ind1="C" ind2="5">
            <subfield code="i">1979ApJ...228L...1H</subfield>
            <subfield code="e">1</subfield>
            <subfield code="f">UCP</subfield>
            <subfield code="b">Helou, G., Salpeter, E., &amp; Krumm, N. 1979, ApJ, 228, L1</subfield>
            <subfield code="8">UCP</subfield>
         </datafield>
         <datafield tag="999" ind1="C" ind2="5">
            <subfield code="i">1992ApJ...399..353H</subfield>
            <subfield code="e">1</subfield>
            <subfield code="f">UCP</subfield>
            <subfield code="b">Hickson, P., et al. 1992, ApJ, 399, 353</subfield>
            <subfield code="8">UCP</subfield>
         </datafield>
         <datafield tag="999" ind1="C" ind2="5">
            <subfield code="i">1988AJ.....95.1031H</subfield>
            <subfield code="e">1</subfield>
            <subfield code="f">UCP</subfield>
            <subfield code="b">Hill, G., et al. 1988, AJ, 95, 1031</subfield>
            <subfield code="8">UCP</subfield>
         </datafield>
         <datafield tag="999" ind1="C" ind2="5">
            <subfield code="i">1980AJ.....85..626H</subfield>
            <subfield code="e">1</subfield>
            <subfield code="f">UCP</subfield>
            <subfield code="b">Hintzen, P. 1980, AJ, 85, 626</subfield>
            <subfield code="8">UCP</subfield>
         </datafield>
         <datafield tag="999" ind1="C" ind2="5">
            <subfield code="i">1982AJ.....87.1656H</subfield>
            <subfield code="e">1</subfield>
            <subfield code="f">UCP</subfield>
            <subfield code="b">Hintzen, P., et al. 1983, AJ, 87, 1656</subfield>
            <subfield code="8">UCP</subfield>
         </datafield>
         <datafield tag="999" ind1="C" ind2="5">
            <subfield code="i">1989ApJS...69...65H</subfield>
            <subfield code="e">1</subfield>
            <subfield code="f">UCP</subfield>
            <subfield code="b">Hoffman, G., et al. 1989, ApJS, 69, 65</subfield>
            <subfield code="8">UCP</subfield>
         </datafield>
         <datafield tag="999" ind1="C" ind2="5">
            <subfield code="i">1987ApJS...63..247H</subfield>
            <subfield code="e">1</subfield>
            <subfield code="f">UCP</subfield>
            <subfield code="b">Hoffman, G. L., et al. 1987, ApJS, 63, 247</subfield>
            <subfield code="8">UCP</subfield>
         </datafield>
         <datafield tag="999" ind1="C" ind2="5">
            <subfield code="i">1995ApJ...441...28H</subfield>
            <subfield code="e">1</subfield>
            <subfield code="f">UCP</subfield>
            <subfield code="b">Hoffman, G. L., Lewis, B. M., &amp; Salpeter, E. E. 1995, ApJ, 441, 28</subfield>
            <subfield code="8">UCP</subfield>
         </datafield>
         <datafield tag="999" ind1="C" ind2="5">
            <subfield code="i">1976AJ.....81..952H</subfield>
            <subfield code="e">1</subfield>
            <subfield code="f">UCP</subfield>
            <subfield code="b">Huchra, J. 1976, AJ, 81, 952</subfield>
            <subfield code="8">UCP</subfield>
         </datafield>
         <datafield tag="999" ind1="C" ind2="5">
            <subfield code="i">1984ApJ...280..547H</subfield>
            <subfield code="e">1</subfield>
            <subfield code="f">UCP</subfield>
            <subfield code="b">Huchra, J., &amp; Brodie, J. 1984, ApJ, 280, 547</subfield>
            <subfield code="8">UCP</subfield>
         </datafield>
         <datafield tag="999" ind1="C" ind2="5">
            <subfield code="i">1983ApJS...52...89H</subfield>
            <subfield code="e">1</subfield>
            <subfield code="f">UCP</subfield>
            <subfield code="b">Huchra, J., Davis, M., Latham, D., &amp; Tonry, J. 1983, ApJS, 52, 89</subfield>
            <subfield code="8">UCP</subfield>
         </datafield>
         <datafield tag="999" ind1="C" ind2="5">
            <subfield code="i">1992BICDS..41...31H</subfield>
            <subfield code="e">1</subfield>
            <subfield code="f">UCP</subfield>
            <subfield code="b">Huchra, J., Geller, M., Clemens, C. M., Tokarz, S. P., &amp; Michel, A. 1992, Bull. d'Inf. Centre de Donnees Stell., 41, 31</subfield>
            <subfield code="8">UCP</subfield>
         </datafield>
         <datafield tag="999" ind1="C" ind2="5">
            <subfield code="i">1990ApJS...72..433H</subfield>
            <subfield code="e">1</subfield>
            <subfield code="f">UCP</subfield>
            <subfield code="b">Huchra, J., Geller, M., de Lapparent, V., &amp; Corwin, H. 1990, ApJS, 72, 433</subfield>
            <subfield code="8">UCP</subfield>
         </datafield>
         <datafield tag="999" ind1="C" ind2="5">
            <subfield code="i">1973ApJ...186..433H</subfield>
            <subfield code="e">1</subfield>
            <subfield code="f">UCP</subfield>
            <subfield code="b">Huchra, J., &amp; Sargent, W. L. W. 1973, ApJ, 186, 433</subfield>
            <subfield code="8">UCP</subfield>
         </datafield>
         <datafield tag="999" ind1="C" ind2="5">
            <subfield code="i">1982AJ.....87.1628H</subfield>
            <subfield code="e">1</subfield>
            <subfield code="f">UCP</subfield>
            <subfield code="b">Huchra, J., Wyatt, W., &amp; Davis, M. 1982, AJ, 87, 1628</subfield>
            <subfield code="8">UCP</subfield>
         </datafield>
         <datafield tag="999" ind1="C" ind2="5">
            <subfield code="i">1983ApJS...52...89H</subfield>
            <subfield code="e">1</subfield>
            <subfield code="f">UCP</subfield>
            <subfield code="b">Huchra, J., et al. 1983, ApJS, 52, 89</subfield>
            <subfield code="8">UCP</subfield>
         </datafield>
         <datafield tag="999" ind1="C" ind2="5">
            <subfield code="i">1985AJ.....90..691H</subfield>
            <subfield code="e">1</subfield>
            <subfield code="f">UCP</subfield>
            <subfield code="b">Huchra, J., et al. 1985, AJ, 90, 691</subfield>
            <subfield code="8">UCP</subfield>
         </datafield>
         <datafield tag="999" ind1="C" ind2="5">
            <subfield code="i">1990ApJS...72..433H</subfield>
            <subfield code="e">1</subfield>
            <subfield code="f">UCP</subfield>
            <subfield code="b">Huchra, J., et al. 1990, ApJS, 72, 433</subfield>
            <subfield code="8">UCP</subfield>
         </datafield>
         <datafield tag="999" ind1="C" ind2="5">
            <subfield code="i">1995ApJS...99..391H</subfield>
            <subfield code="e">1</subfield>
            <subfield code="f">UCP</subfield>
            <subfield code="b">Huchra, J. P., Geller, M. J., &amp; Corwin, H. G., Jr. 1995, ApJS, 99, 391</subfield>
            <subfield code="8">UCP</subfield>
         </datafield>
         <datafield tag="999" ind1="C" ind2="5">
            <subfield code="e">0</subfield>
            <subfield code="f">UCP</subfield>
            <subfield code="b">Huchra, J. P., Vogeley, M. S., &amp; Geller, M. J. 1998, ApJS, 121, in press</subfield>
            <subfield code="8">UCP</subfield>
         </datafield>
         <datafield tag="999" ind1="C" ind2="5">
            <subfield code="i">1993AJ....105.1637H</subfield>
            <subfield code="e">1</subfield>
            <subfield code="f">UCP</subfield>
            <subfield code="b">Huchra, J. P., et al. 1993, AJ, 105, 1637</subfield>
            <subfield code="8">UCP</subfield>
         </datafield>
         <datafield tag="999" ind1="C" ind2="5">
            <subfield code="i">1997A&amp;A...319..401H</subfield>
            <subfield code="e">1</subfield>
            <subfield code="f">UCP</subfield>
            <subfield code="b">Huchtmeier, W. K. 1997, A&amp;A, 319, 401</subfield>
            <subfield code="8">UCP</subfield>
         </datafield>
         <datafield tag="999" ind1="C" ind2="5">
            <subfield code="i">1975A&amp;A....44..479H</subfield>
            <subfield code="e">1</subfield>
            <subfield code="f">UCP</subfield>
            <subfield code="b">Huchtmeier, W., &amp; Bohnenstengel, H. 1975, A&amp;A, 44, 479</subfield>
            <subfield code="8">UCP</subfield>
         </datafield>
         <datafield tag="999" ind1="C" ind2="5">
            <subfield code="i">1997A&amp;A...319...67H</subfield>
            <subfield code="e">1</subfield>
            <subfield code="f">UCP</subfield>
            <subfield code="b">Huchtmeier, W. K., Hopp, U., &amp; Kuhn, B. 1997, A&amp;A, 319, 67</subfield>
            <subfield code="8">UCP</subfield>
         </datafield>
         <datafield tag="999" ind1="C" ind2="5">
            <subfield code="i">1985A&amp;A...149..118H</subfield>
            <subfield code="e">1</subfield>
            <subfield code="f">UCP</subfield>
            <subfield code="b">Huchtmeier, W., &amp; Richter, O.-G. 1984, A&amp;A, 149, 118</subfield>
            <subfield code="8">UCP</subfield>
         </datafield>
         <datafield tag="999" ind1="C" ind2="5">
            <subfield code="i">1989gcho.book.....H</subfield>
            <subfield code="e">1</subfield>
            <subfield code="f">UCP</subfield>
            <subfield code="b">---. 1989, A General Catalog of H I Observations of Galaxies (Berlin: Springer)</subfield>
            <subfield code="8">UCP</subfield>
         </datafield>
         <datafield tag="999" ind1="C" ind2="5">
            <subfield code="i">1998A&amp;AS..127..269H</subfield>
            <subfield code="e">1</subfield>
            <subfield code="f">UCP</subfield>
            <subfield code="b">Huchtmeier, W. K., &amp; Skillman, E. D. 1998, A&amp;AS, 127, 269</subfield>
            <subfield code="8">UCP</subfield>
         </datafield>
         <datafield tag="999" ind1="C" ind2="5">
            <subfield code="i">1976A&amp;A....46..381H</subfield>
            <subfield code="e">1</subfield>
            <subfield code="f">UCP</subfield>
            <subfield code="b">Huchtmeier, W., Tammann, G., &amp; Wendker, H. 1976, A&amp;A, 46, 381</subfield>
            <subfield code="8">UCP</subfield>
         </datafield>
         <datafield tag="999" ind1="C" ind2="5">
            <subfield code="i">1998ApJ...497..645H</subfield>
            <subfield code="e">1</subfield>
            <subfield code="f">UCP</subfield>
            <subfield code="b">Hughes, J. P., &amp; Birkinshaw, M. 1998, ApJ, 497, 645</subfield>
            <subfield code="8">UCP</subfield>
         </datafield>
         <datafield tag="999" ind1="C" ind2="5">
            <subfield code="i">1996ApJS..105..209I</subfield>
            <subfield code="e">1</subfield>
            <subfield code="f">UCP</subfield>
            <subfield code="b">Impey, C. D., et al. 1996, ApJS, 105, 209</subfield>
            <subfield code="8">UCP</subfield>
         </datafield>
         <datafield tag="999" ind1="C" ind2="5">
            <subfield code="i">1987AJ.....93..531J</subfield>
            <subfield code="e">1</subfield>
            <subfield code="f">UCP</subfield>
            <subfield code="b">Jackson, J., et al. 1987, AJ, 93, 531</subfield>
            <subfield code="8">UCP</subfield>
         </datafield>
         <datafield tag="999" ind1="C" ind2="5">
            <subfield code="i">1995MNRAS.276.1341J</subfield>
            <subfield code="e">1</subfield>
            <subfield code="f">UCP</subfield>
            <subfield code="b">Jorgensen, I., Franx, M., &amp; Kjaergaard, P. 1995, MNRAS, 276, 1341</subfield>
            <subfield code="8">UCP</subfield>
         </datafield>
         <datafield tag="999" ind1="C" ind2="5">
            <subfield code="i">1988ApJ...326..653K</subfield>
            <subfield code="e">1</subfield>
            <subfield code="f">UCP</subfield>
            <subfield code="b">Kailey, W., &amp; Lebofsky, M. 1988, ApJ, 326, 653</subfield>
            <subfield code="8">UCP</subfield>
         </datafield>
         <datafield tag="999" ind1="C" ind2="5">
            <subfield code="i">1996A&amp;AS..116...15K</subfield>
            <subfield code="e">1</subfield>
            <subfield code="f">UCP</subfield>
            <subfield code="b">Kamphuis, J., Sijbring, D., &amp; van Albada, T. 1996, A&amp;AS, 116, 15</subfield>
            <subfield code="8">UCP</subfield>
         </datafield>
         <datafield tag="999" ind1="C" ind2="5">
            <subfield code="i">1980ApJS...44..137K</subfield>
            <subfield code="e">1</subfield>
            <subfield code="f">UCP</subfield>
            <subfield code="b">Karachentsev, I. 1980, ApJS, 44, 137</subfield>
            <subfield code="8">UCP</subfield>
         </datafield>
         <datafield tag="999" ind1="C" ind2="5">
            <subfield code="i">1981SvAL....7....1K</subfield>
            <subfield code="e">1</subfield>
            <subfield code="f">UCP</subfield>
            <subfield code="b">---. 1981, Soviet Astron. Lett., 7, 1</subfield>
            <subfield code="8">UCP</subfield>
         </datafield>
         <datafield tag="999" ind1="C" ind2="5">
            <subfield code="i">1983SvAL....9...36K</subfield>
            <subfield code="e">1</subfield>
            <subfield code="f">UCP</subfield>
            <subfield code="b">---. 1983, Soviet Astron. Lett., 9, 36</subfield>
            <subfield code="8">UCP</subfield>
         </datafield>
         <datafield tag="999" ind1="C" ind2="5">
            <subfield code="i">1981Afz....17....5K</subfield>
            <subfield code="e">1</subfield>
            <subfield code="f">UCP</subfield>
            <subfield code="b">Karachentsev, I., &amp; Karachentseva, V. 1981, Astrofizika, 17, 5</subfield>
            <subfield code="8">UCP</subfield>
         </datafield>
         <datafield tag="999" ind1="C" ind2="5">
            <subfield code="i">1982SvAL....8..104K</subfield>
            <subfield code="e">1</subfield>
            <subfield code="f">UCP</subfield>
            <subfield code="b">---. 1982, Soviet Astron. Lett., 8, 104</subfield>
            <subfield code="8">UCP</subfield>
         </datafield>
         <datafield tag="999" ind1="C" ind2="5">
            <subfield code="i">1990MNRAS.243..390K</subfield>
            <subfield code="e">1</subfield>
            <subfield code="f">UCP</subfield>
            <subfield code="b">Karachentsev, I. D., &amp; Kopylov, A. I. 1990, MNRAS, 243, 390</subfield>
            <subfield code="8">UCP</subfield>
         </datafield>
         <datafield tag="999" ind1="C" ind2="5">
            <subfield code="i">1975A&amp;A....41..375K</subfield>
            <subfield code="e">1</subfield>
            <subfield code="f">UCP</subfield>
            <subfield code="b">Karachentsev, I., Pronik, V., &amp; Chuvaev, K. 1975, A&amp;A, 41, 375</subfield>
            <subfield code="8">UCP</subfield>
         </datafield>
         <datafield tag="999" ind1="C" ind2="5">
            <subfield code="i">1976A&amp;A....51..185K</subfield>
            <subfield code="e">1</subfield>
            <subfield code="f">UCP</subfield>
            <subfield code="b">---. 1976, A&amp;A, 51, 185</subfield>
            <subfield code="8">UCP</subfield>
         </datafield>
         <datafield tag="999" ind1="C" ind2="5">
            <subfield code="i">1979Afz....15...25K</subfield>
            <subfield code="e">1</subfield>
            <subfield code="f">UCP</subfield>
            <subfield code="b">Karachentsev, I., Sargent, W. L. W., &amp; Zimmerman, B. 1979, Astrofizika, 15, 25</subfield>
            <subfield code="8">UCP</subfield>
         </datafield>
         <datafield tag="999" ind1="C" ind2="5">
            <subfield code="i">1987Afz....27..399K</subfield>
            <subfield code="e">1</subfield>
            <subfield code="f">UCP</subfield>
            <subfield code="b">Kazaryan, M. A. 1987, Astrofizika, 27, 399</subfield>
            <subfield code="8">UCP</subfield>
         </datafield>
         <datafield tag="999" ind1="C" ind2="5">
            <subfield code="i">1987Afz....26....5K</subfield>
            <subfield code="e">1</subfield>
            <subfield code="f">UCP</subfield>
            <subfield code="b">Kazaryan, M., &amp; Kazaryan, E. 1987, Astrofizika, 26, 5</subfield>
            <subfield code="8">UCP</subfield>
         </datafield>
         <datafield tag="999" ind1="C" ind2="5">
            <subfield code="i">1985AJ.....90.2207K</subfield>
            <subfield code="e">1</subfield>
            <subfield code="f">UCP</subfield>
            <subfield code="b">Keel, W. 1985, AJ, 90, 2207</subfield>
            <subfield code="8">UCP</subfield>
         </datafield>
         <datafield tag="999" ind1="C" ind2="5">
            <subfield code="i">1980AJ.....85...89K</subfield>
            <subfield code="e">1</subfield>
            <subfield code="f">UCP</subfield>
            <subfield code="b">Kelton, P. 1980, AJ, 85, 89</subfield>
            <subfield code="8">UCP</subfield>
         </datafield>
         <datafield tag="999" ind1="C" ind2="5">
            <subfield code="e">0</subfield>
            <subfield code="f">UCP</subfield>
            <subfield code="b">Kent, S. 1978, Ph.D. thesis, Caltech</subfield>
            <subfield code="8">UCP</subfield>
         </datafield>
         <datafield tag="999" ind1="C" ind2="5">
            <subfield code="i">1990AJ.....99.1722K</subfield>
            <subfield code="e">1</subfield>
            <subfield code="f">UCP</subfield>
            <subfield code="b">Kirhakos, S. D., &amp; Steiner, J. E. 1990, AJ, 99, 1722</subfield>
            <subfield code="8">UCP</subfield>
         </datafield>
         <datafield tag="999" ind1="C" ind2="5">
            <subfield code="i">1977ApJ...212..319K</subfield>
            <subfield code="e">1</subfield>
            <subfield code="f">UCP</subfield>
            <subfield code="b">Kirshner, R. 1977, ApJ, 212, 319</subfield>
            <subfield code="8">UCP</subfield>
         </datafield>
         <datafield tag="999" ind1="C" ind2="5">
            <subfield code="i">1978AJ.....83.1549K</subfield>
            <subfield code="e">1</subfield>
            <subfield code="f">UCP</subfield>
            <subfield code="b">Kirshner, R., Oemler, A., &amp; Schechter, P. 1978, AJ, 83, 1549</subfield>
            <subfield code="8">UCP</subfield>
         </datafield>
         <datafield tag="999" ind1="C" ind2="5">
            <subfield code="i">1987ApJ...314..493K</subfield>
            <subfield code="e">1</subfield>
            <subfield code="f">UCP</subfield>
            <subfield code="b">Kirshner, R., et al. 1987, ApJ, 314, 493</subfield>
            <subfield code="8">UCP</subfield>
         </datafield>
         <datafield tag="999" ind1="C" ind2="5">
            <subfield code="i">1976Afz....12..189K</subfield>
            <subfield code="e">1</subfield>
            <subfield code="f">UCP</subfield>
            <subfield code="b">Kopylov, I., et al. 1976, Astrofizika, 12, 189</subfield>
            <subfield code="8">UCP</subfield>
         </datafield>
         <datafield tag="999" ind1="C" ind2="5">
            <subfield code="i">1981SvAL....7..148K</subfield>
            <subfield code="e">1</subfield>
            <subfield code="f">UCP</subfield>
            <subfield code="b">Kostyuk, I., Karachentsev, I., &amp; Kopylov, A. 1981, Soviet Astron. Lett., 7, 148</subfield>
            <subfield code="8">UCP</subfield>
         </datafield>
         <datafield tag="999" ind1="C" ind2="5">
            <subfield code="i">1982SvAL....8..280K</subfield>
            <subfield code="e">1</subfield>
            <subfield code="f">UCP</subfield>
            <subfield code="b">Kostyuk, I., &amp; Kopylov, A. 1982, Soviet Astron. Lett., 8, 280</subfield>
            <subfield code="8">UCP</subfield>
         </datafield>
         <datafield tag="999" ind1="C" ind2="5">
            <subfield code="i">1975SoSAO..13...45K</subfield>
            <subfield code="e">1</subfield>
            <subfield code="f">UCP</subfield>
            <subfield code="b">Kostyuk, I. P. 1975, Soob. Spets. Astrofiz. Obs. Akad. Nauk SSR, 13, 45</subfield>
            <subfield code="8">UCP</subfield>
         </datafield>
         <datafield tag="999" ind1="C" ind2="5">
            <subfield code="i">1979ApJ...228...64K</subfield>
            <subfield code="e">1</subfield>
            <subfield code="f">UCP</subfield>
            <subfield code="b">Krumm, N., &amp; Salpeter, E. 1979, ApJ, 228, 64</subfield>
            <subfield code="8">UCP</subfield>
         </datafield>
         <datafield tag="999" ind1="C" ind2="5">
            <subfield code="i">1980AJ.....85.1312K</subfield>
            <subfield code="e">1</subfield>
            <subfield code="f">UCP</subfield>
            <subfield code="b">---. 1980, AJ, 85, 1312</subfield>
            <subfield code="8">UCP</subfield>
         </datafield>
         <datafield tag="999" ind1="C" ind2="5">
            <subfield code="i">1992MNRAS.255..105K</subfield>
            <subfield code="e">1</subfield>
            <subfield code="f">UCP</subfield>
            <subfield code="b">Kulessa, A. S., &amp; Lyndon-Bell, D. 1992, MNRAS, 255, 105</subfield>
            <subfield code="8">UCP</subfield>
         </datafield>
         <datafield tag="999" ind1="C" ind2="5">
            <subfield code="i">1979A&amp;AS...36..259K</subfield>
            <subfield code="e">1</subfield>
            <subfield code="f">UCP</subfield>
            <subfield code="b">Kunth, D., &amp; Sargent, W. L. W. 1979a, A&amp;AS, 36, 259</subfield>
            <subfield code="8">UCP</subfield>
         </datafield>
         <datafield tag="999" ind1="C" ind2="5">
            <subfield code="i">1979A&amp;A....76...50K</subfield>
            <subfield code="e">1</subfield>
            <subfield code="f">UCP</subfield>
            <subfield code="b">---. 1979b, A&amp;A, 76, 50</subfield>
            <subfield code="8">UCP</subfield>
         </datafield>
         <datafield tag="999" ind1="C" ind2="5">
            <subfield code="i">1998PASP..110..934K</subfield>
            <subfield code="e">1</subfield>
            <subfield code="f">UCP</subfield>
            <subfield code="b">Kurtz, M. J., &amp; Mink, D. 1998, PASP, 110, 934 (KM98)</subfield>
            <subfield code="8">UCP</subfield>
         </datafield>
         <datafield tag="999" ind1="C" ind2="5">
            <subfield code="i">1996ApJ...456L..17L</subfield>
            <subfield code="e">1</subfield>
            <subfield code="f">UCP</subfield>
            <subfield code="b">Lanzetta, K. M., Webb, J. K., &amp; Barcons, X. 1996, ApJ, 456, L17</subfield>
            <subfield code="8">UCP</subfield>
         </datafield>
         <datafield tag="999" ind1="C" ind2="5">
            <subfield code="i">1990AJ.....99.2019L</subfield>
            <subfield code="e">1</subfield>
            <subfield code="f">UCP</subfield>
            <subfield code="b">Lasker, B. M., Sturch, C. R., McLean, B. J., Russell, J. L., Jenkner, H., &amp; Shara, M. M. 1990, AJ, 99, 2019</subfield>
            <subfield code="8">UCP</subfield>
         </datafield>
         <datafield tag="999" ind1="C" ind2="5">
            <subfield code="i">1982ialo.coll..259L</subfield>
            <subfield code="e">1</subfield>
            <subfield code="f">UCP</subfield>
            <subfield code="b">Latham, D. 1982, in Instrumentation for Astronomy with Large Telescopes, ed. C. M. Humphries (Dordrecht: Reidel), 259</subfield>
            <subfield code="8">UCP</subfield>
         </datafield>
         <datafield tag="999" ind1="C" ind2="5">
            <subfield code="i">1989MNRAS.240..329L</subfield>
            <subfield code="e">1</subfield>
            <subfield code="f">UCP</subfield>
            <subfield code="b">Lawrence, A., et al. 1989, MNRAS, 240, 329</subfield>
            <subfield code="8">UCP</subfield>
         </datafield>
         <datafield tag="999" ind1="C" ind2="5">
            <subfield code="i">1994MNRAS.266L..41L</subfield>
            <subfield code="e">1</subfield>
            <subfield code="f">UCP</subfield>
            <subfield code="b">Lawrence, A., et al. 1994, MNRAS, 266, 41</subfield>
            <subfield code="8">UCP</subfield>
         </datafield>
         <datafield tag="999" ind1="C" ind2="5">
            <subfield code="i">1996AJ....112..388L</subfield>
            <subfield code="e">1</subfield>
            <subfield code="f">UCP</subfield>
            <subfield code="b">Ledlow, M. J., et al. 1996, AJ, 112, 388</subfield>
            <subfield code="8">UCP</subfield>
         </datafield>
         <datafield tag="999" ind1="C" ind2="5">
            <subfield code="i">1988MNRAS.231..977L</subfield>
            <subfield code="e">1</subfield>
            <subfield code="f">UCP</subfield>
            <subfield code="b">Leech, K., et al. 1988, MNRAS, 231, 977</subfield>
            <subfield code="8">UCP</subfield>
         </datafield>
         <datafield tag="999" ind1="C" ind2="5">
            <subfield code="i">1985ApJS...59..161L</subfield>
            <subfield code="e">1</subfield>
            <subfield code="f">UCP</subfield>
            <subfield code="b">Lewis, B. M., Helou, G., &amp; Salpeter, E. E. 1985, ApJS, 59, 161</subfield>
            <subfield code="8">UCP</subfield>
         </datafield>
         <datafield tag="999" ind1="C" ind2="5">
            <subfield code="i">1989Afz....31..425L</subfield>
            <subfield code="e">1</subfield>
            <subfield code="f">UCP</subfield>
            <subfield code="b">Lipovetskii, V. A., et al. 1989, Astrofizika, 31, 425</subfield>
            <subfield code="8">UCP</subfield>
         </datafield>
         <datafield tag="999" ind1="C" ind2="5">
            <subfield code="i">1986SoSAO..50...12L</subfield>
            <subfield code="e">1</subfield>
            <subfield code="f">UCP</subfield>
            <subfield code="b">Lipovetskii, V. A., &amp; Stepanyan, J. A. 1986, Soob. Spets. Astrofiz. Obs., 50, 12</subfield>
            <subfield code="8">UCP</subfield>
         </datafield>
         <datafield tag="999" ind1="C" ind2="5">
            <subfield code="i">1990ApJ...357..388L</subfield>
            <subfield code="e">1</subfield>
            <subfield code="f">UCP</subfield>
            <subfield code="b">Lu, N. Y., et al. 1990, ApJ, 357, 388</subfield>
            <subfield code="8">UCP</subfield>
         </datafield>
         <datafield tag="999" ind1="C" ind2="5">
            <subfield code="i">1993ApJS...88..383L</subfield>
            <subfield code="e">1</subfield>
            <subfield code="f">UCP</subfield>
            <subfield code="b">Lu, N. Y., et al. 1993, ApJS, 88, 383</subfield>
            <subfield code="8">UCP</subfield>
         </datafield>
         <datafield tag="999" ind1="C" ind2="5">
            <subfield code="i">1991MNRAS.253..584L</subfield>
            <subfield code="e">1</subfield>
            <subfield code="f">UCP</subfield>
            <subfield code="b">Lucey, J. R., et al. 1991, MNRAS, 253, 584</subfield>
            <subfield code="8">UCP</subfield>
         </datafield>
         <datafield tag="999" ind1="C" ind2="5">
            <subfield code="i">1986ApJ...308...10M</subfield>
            <subfield code="e">1</subfield>
            <subfield code="f">UCP</subfield>
            <subfield code="b">Malamuth, E. M., &amp; Kriss, G. A. 1986, ApJ, 308, 10</subfield>
            <subfield code="8">UCP</subfield>
         </datafield>
         <datafield tag="999" ind1="C" ind2="5">
            <subfield code="i">1980Afz....16....5M</subfield>
            <subfield code="e">1</subfield>
            <subfield code="f">UCP</subfield>
            <subfield code="b">Markaryan, B., Lipovetskii, V., &amp; Stepanyan, J. 1980a, Astrofizika, 16, 5</subfield>
            <subfield code="8">UCP</subfield>
         </datafield>
         <datafield tag="999" ind1="C" ind2="5">
            <subfield code="i">1980Afz....16..609M</subfield>
            <subfield code="e">1</subfield>
            <subfield code="f">UCP</subfield>
            <subfield code="b">---. 1980b, Astrofizika, 16, 609</subfield>
            <subfield code="8">UCP</subfield>
         </datafield>
         <datafield tag="999" ind1="C" ind2="5">
            <subfield code="i">1984Afz....21..419M</subfield>
            <subfield code="e">1</subfield>
            <subfield code="f">UCP</subfield>
            <subfield code="b">Markaryan, B. E., Lipovetskii, V. A., &amp; Stepanyan, V. A. 1984a, Astrofizika, 21, 419</subfield>
            <subfield code="8">UCP</subfield>
         </datafield>
         <datafield tag="999" ind1="C" ind2="5">
            <subfield code="i">1984Afz....20..213M</subfield>
            <subfield code="e">1</subfield>
            <subfield code="f">UCP</subfield>
            <subfield code="b">---. 1984b, Astrofizika, 20, 213</subfield>
            <subfield code="8">UCP</subfield>
         </datafield>
         <datafield tag="999" ind1="C" ind2="5">
            <subfield code="i">1994AJ....107.1283M</subfield>
            <subfield code="e">1</subfield>
            <subfield code="f">UCP</subfield>
            <subfield code="b">Martel, A., &amp; Osterbrock, D. E. 1994, AJ, 107, 1283</subfield>
            <subfield code="8">UCP</subfield>
         </datafield>
         <datafield tag="999" ind1="C" ind2="5">
            <subfield code="i">1997AJ....113..185M</subfield>
            <subfield code="e">1</subfield>
            <subfield code="f">UCP</subfield>
            <subfield code="b">Marzke, R. O., &amp; da Costa, L. N. 1997, AJ, 113, 185</subfield>
            <subfield code="8">UCP</subfield>
         </datafield>
         <datafield tag="999" ind1="C" ind2="5">
            <subfield code="i">1995AJ....110..477M</subfield>
            <subfield code="e">1</subfield>
            <subfield code="f">UCP</subfield>
            <subfield code="b">Marzke, R. O., Geller, M. J., da Costa, L. N., &amp; Huchra, J. P. 1995, AJ, 110, 477</subfield>
            <subfield code="8">UCP</subfield>
         </datafield>
         <datafield tag="999" ind1="C" ind2="5">
            <subfield code="i">1994ApJ...428...43M</subfield>
            <subfield code="e">1</subfield>
            <subfield code="f">UCP</subfield>
            <subfield code="b">Marzke, R. O., Huchra, J. P., &amp; Geller, M. J. 1994, ApJ, 428, 43</subfield>
            <subfield code="8">UCP</subfield>
         </datafield>
         <datafield tag="999" ind1="C" ind2="5">
            <subfield code="i">1996AJ....112.1803M</subfield>
            <subfield code="e">1</subfield>
            <subfield code="f">UCP</subfield>
            <subfield code="b">---. 1996, AJ, 112, 1803</subfield>
            <subfield code="8">UCP</subfield>
         </datafield>
         <datafield tag="999" ind1="C" ind2="5">
            <subfield code="i">1991A&amp;AS...89..225M</subfield>
            <subfield code="e">1</subfield>
            <subfield code="f">UCP</subfield>
            <subfield code="b">Merighi, R., et al. 1991, A&amp;AS, 89, 225</subfield>
            <subfield code="8">UCP</subfield>
         </datafield>
         <datafield tag="999" ind1="C" ind2="5">
            <subfield code="i">1989MNRAS.236..207M</subfield>
            <subfield code="e">1</subfield>
            <subfield code="f">UCP</subfield>
            <subfield code="b">Metcalfe, N. 1989, MNRAS, 236, 207</subfield>
            <subfield code="8">UCP</subfield>
         </datafield>
         <datafield tag="999" ind1="C" ind2="5">
            <subfield code="i">1988PASP..100.1423M</subfield>
            <subfield code="e">1</subfield>
            <subfield code="f">UCP</subfield>
            <subfield code="b">Michel, A., &amp; Huchra, J. 1988, PASP, 100, 1423</subfield>
            <subfield code="8">UCP</subfield>
         </datafield>
         <datafield tag="999" ind1="C" ind2="5">
            <subfield code="e">0</subfield>
            <subfield code="f">UCP</subfield>
            <subfield code="b">Mink, D. J. 1999, ASP Conf. Ser., ADASS VIII, ed. R. Crutcher (San Francisco: ASP), in press</subfield>
            <subfield code="8">UCP</subfield>
         </datafield>
         <datafield tag="999" ind1="C" ind2="5">
            <subfield code="i">1996AJ....112.1816M</subfield>
            <subfield code="e">1</subfield>
            <subfield code="f">UCP</subfield>
            <subfield code="b">Mohr, J. J., Geller, M. J., &amp; Wegner, G. 1996, AJ, 112, 1816</subfield>
            <subfield code="8">UCP</subfield>
         </datafield>
         <datafield tag="999" ind1="C" ind2="5">
            <subfield code="i">1987A&amp;A...184...63M</subfield>
            <subfield code="e">1</subfield>
            <subfield code="f">UCP</subfield>
            <subfield code="b">Moorwood, A., Veron-Cetty, M.-P., &amp; Glass, I. 1987, A&amp;A, 184, 63</subfield>
            <subfield code="8">UCP</subfield>
         </datafield>
         <datafield tag="999" ind1="C" ind2="5">
            <subfield code="i">1993ApJ...409...14M</subfield>
            <subfield code="e">1</subfield>
            <subfield code="f">UCP</subfield>
            <subfield code="b">Mould, J. R., et al. 1993, ApJ, 409, 14</subfield>
            <subfield code="8">UCP</subfield>
         </datafield>
         <datafield tag="999" ind1="C" ind2="5">
            <subfield code="e">0</subfield>
            <subfield code="f">UCP</subfield>
            <subfield code="b">The NED Team. 1998, http://ned.ipac.caltech.edu</subfield>
            <subfield code="8">UCP</subfield>
         </datafield>
         <datafield tag="999" ind1="C" ind2="5">
            <subfield code="i">1973ugcg.book.....N</subfield>
            <subfield code="e">1</subfield>
            <subfield code="f">UCP</subfield>
            <subfield code="b">Nilson, P. 1973, Uppsala General Catalog of Galaxies (Uppsala: Uppsala Astron. Obs.)</subfield>
            <subfield code="8">UCP</subfield>
         </datafield>
         <datafield tag="999" ind1="C" ind2="5">
            <subfield code="i">1998ApJS..115...43N</subfield>
            <subfield code="e">1</subfield>
            <subfield code="f">UCP</subfield>
            <subfield code="b">Nordgren, T. E., et al. 1998, ApJS, 115, 43</subfield>
            <subfield code="8">UCP</subfield>
         </datafield>
         <datafield tag="999" ind1="C" ind2="5">
            <subfield code="i">1988AJ.....96.1775O</subfield>
            <subfield code="e">1</subfield>
            <subfield code="f">UCP</subfield>
            <subfield code="b">Ostriker, E. C., et al. 1988, AJ, 96, 1775</subfield>
            <subfield code="8">UCP</subfield>
         </datafield>
         <datafield tag="999" ind1="C" ind2="5">
            <subfield code="i">1995AJ....109...14O</subfield>
            <subfield code="e">1</subfield>
            <subfield code="f">UCP</subfield>
            <subfield code="b">Owen, F. N., Ledlow, M. J., &amp; Keel, W. C. 1995, AJ, 109, 14</subfield>
            <subfield code="8">UCP</subfield>
         </datafield>
         <datafield tag="999" ind1="C" ind2="5">
            <subfield code="i">1983QB857.P34......</subfield>
            <subfield code="e">1</subfield>
            <subfield code="f">UCP</subfield>
            <subfield code="b">Palumbo, G., Tanzella-Nitti, G., &amp; Vettolani, G. 1983, Catalogue of Radial Velocities of Galaxies (New York: Gordon &amp; Breach)</subfield>
            <subfield code="8">UCP</subfield>
         </datafield>
         <datafield tag="999" ind1="C" ind2="5">
            <subfield code="i">1997AJ....113..905P</subfield>
            <subfield code="e">1</subfield>
            <subfield code="f">UCP</subfield>
            <subfield code="b">Pantoja, C. A., et al. 1997, ApJ, 113, 905</subfield>
            <subfield code="8">UCP</subfield>
         </datafield>
         <datafield tag="999" ind1="C" ind2="5">
            <subfield code="i">1994ApJ...431..569P</subfield>
            <subfield code="e">1</subfield>
            <subfield code="f">UCP</subfield>
            <subfield code="b">Park, C., Vogeley, M. S., Geller, M. J., &amp; Huchra, J. P. 1994, ApJ, 431, 569</subfield>
            <subfield code="8">UCP</subfield>
         </datafield>
         <datafield tag="999" ind1="C" ind2="5">
            <subfield code="i">1989A&amp;AS...80..299P</subfield>
            <subfield code="e">1</subfield>
            <subfield code="f">UCP</subfield>
            <subfield code="b">Paturel, G., et al. 1989, A&amp;AS, 80, 299</subfield>
            <subfield code="8">UCP</subfield>
         </datafield>
         <datafield tag="999" ind1="C" ind2="5">
            <subfield code="i">1978ApJ...223..740P</subfield>
            <subfield code="e">1</subfield>
            <subfield code="f">UCP</subfield>
            <subfield code="b">Peterson, B. M. 1978a, ApJ, 223, 740</subfield>
            <subfield code="8">UCP</subfield>
         </datafield>
         <datafield tag="999" ind1="C" ind2="5">
            <subfield code="i">1978PASP...90...10P</subfield>
            <subfield code="e">1</subfield>
            <subfield code="f">UCP</subfield>
            <subfield code="b">Peterson, C. 1978b, PASP, 90, 10</subfield>
            <subfield code="8">UCP</subfield>
         </datafield>
         <datafield tag="999" ind1="C" ind2="5">
            <subfield code="i">1979ApJS...40..527P</subfield>
            <subfield code="e">1</subfield>
            <subfield code="f">UCP</subfield>
            <subfield code="b">Peterson, S. 1979, ApJS, 40, 527</subfield>
            <subfield code="8">UCP</subfield>
         </datafield>
         <datafield tag="999" ind1="C" ind2="5">
            <subfield code="i">1979Afz....15..373P</subfield>
            <subfield code="e">1</subfield>
            <subfield code="f">UCP</subfield>
            <subfield code="b">Petrosyan, A., Saakyan, K., &amp; Khachikyan, E. 1979, Astrofizika, 15, 373</subfield>
            <subfield code="8">UCP</subfield>
         </datafield>
         <datafield tag="999" ind1="C" ind2="5">
            <subfield code="i">1993ApJ...416...36P</subfield>
            <subfield code="e">1</subfield>
            <subfield code="f">UCP</subfield>
            <subfield code="b">Pinkney, J., et al. 1993, ApJ, 416, 36</subfield>
            <subfield code="8">UCP</subfield>
         </datafield>
         <datafield tag="999" ind1="C" ind2="5">
            <subfield code="i">1987A&amp;AS...67...57P</subfield>
            <subfield code="e">1</subfield>
            <subfield code="f">UCP</subfield>
            <subfield code="b">Proust, D., et al. 1987, A&amp;AS, 67, 57</subfield>
            <subfield code="8">UCP</subfield>
         </datafield>
         <datafield tag="999" ind1="C" ind2="5">
            <subfield code="i">1985AJ.....90..410Q</subfield>
            <subfield code="e">1</subfield>
            <subfield code="f">UCP</subfield>
            <subfield code="b">Quintana, H., et al. 1985, AJ, 90, 410</subfield>
            <subfield code="8">UCP</subfield>
         </datafield>
         <datafield tag="999" ind1="C" ind2="5">
            <subfield code="i">1995AJ....109.1458R</subfield>
            <subfield code="e">1</subfield>
            <subfield code="f">UCP</subfield>
            <subfield code="b">Ramella, M., et al. 1995, AJ, 109, 1458</subfield>
            <subfield code="8">UCP</subfield>
         </datafield>
         <datafield tag="999" ind1="C" ind2="5">
            <subfield code="i">1990MNRAS.243P..14R</subfield>
            <subfield code="e">1</subfield>
            <subfield code="f">UCP</subfield>
            <subfield code="b">Rawlings, S., Eales, S., &amp; Warren, S. 1990, MNRAS, 243, 14</subfield>
            <subfield code="8">UCP</subfield>
         </datafield>
         <datafield tag="999" ind1="C" ind2="5">
            <subfield code="i">1987A&amp;AS...67..261R</subfield>
            <subfield code="e">1</subfield>
            <subfield code="f">UCP</subfield>
            <subfield code="b">Richter, O.-G. 1987, A&amp;A, 67, 261</subfield>
            <subfield code="8">UCP</subfield>
         </datafield>
         <datafield tag="999" ind1="C" ind2="5">
            <subfield code="i">1982A&amp;A...109..155R</subfield>
            <subfield code="e">1</subfield>
            <subfield code="f">UCP</subfield>
            <subfield code="b">Richter, O.-G., &amp; Huchtmeier, W. 1982, A&amp;A, 109, 155</subfield>
            <subfield code="8">UCP</subfield>
         </datafield>
         <datafield tag="999" ind1="C" ind2="5">
            <subfield code="i">1987A&amp;AS...68..427R</subfield>
            <subfield code="e">1</subfield>
            <subfield code="f">UCP</subfield>
            <subfield code="b">---. 1987, A&amp;AS, 68, 427</subfield>
            <subfield code="8">UCP</subfield>
         </datafield>
         <datafield tag="999" ind1="C" ind2="5">
            <subfield code="i">1976ApJ...205..346R</subfield>
            <subfield code="e">1</subfield>
            <subfield code="f">UCP</subfield>
            <subfield code="b">Rood, H., &amp; Dickel, J. 1976, ApJ, 205, 346</subfield>
            <subfield code="8">UCP</subfield>
         </datafield>
         <datafield tag="999" ind1="C" ind2="5">
            <subfield code="i">1976AJ.....81..687R</subfield>
            <subfield code="e">1</subfield>
            <subfield code="f">UCP</subfield>
            <subfield code="b">Rubin, V., et al. 1976a, AJ, 81, 687</subfield>
            <subfield code="8">UCP</subfield>
         </datafield>
         <datafield tag="999" ind1="C" ind2="5">
            <subfield code="i">1976AJ.....81..719R</subfield>
            <subfield code="e">1</subfield>
            <subfield code="f">UCP</subfield>
            <subfield code="b">Rubin, V., et al. 1976b, AJ, 81, 719</subfield>
            <subfield code="8">UCP</subfield>
         </datafield>
         <datafield tag="999" ind1="C" ind2="5">
            <subfield code="i">1992AJ....103..385S</subfield>
            <subfield code="e">1</subfield>
            <subfield code="f">UCP</subfield>
            <subfield code="b">Salzer, J. J. 1992, AJ, 103, 385</subfield>
            <subfield code="8">UCP</subfield>
         </datafield>
         <datafield tag="999" ind1="C" ind2="5">
            <subfield code="i">1989ApJS...70..447S</subfield>
            <subfield code="e">1</subfield>
            <subfield code="f">UCP</subfield>
            <subfield code="b">Salzer, J., MacAlpine, G., &amp; Boroson, T. 1989, ApJS, 70, 447</subfield>
            <subfield code="8">UCP</subfield>
         </datafield>
         <datafield tag="999" ind1="C" ind2="5">
            <subfield code="i">1976PASP...88..367S</subfield>
            <subfield code="e">1</subfield>
            <subfield code="f">UCP</subfield>
            <subfield code="b">Sandage, A. 1976, PASP, 88, 367</subfield>
            <subfield code="8">UCP</subfield>
         </datafield>
         <datafield tag="999" ind1="C" ind2="5">
            <subfield code="i">1978AJ.....83..904S</subfield>
            <subfield code="e">1</subfield>
            <subfield code="f">UCP</subfield>
            <subfield code="b">---. 1978, AJ, 83, 904, 1467</subfield>
            <subfield code="8">UCP</subfield>
         </datafield>
         <datafield tag="999" ind1="C" ind2="5">
            <subfield code="i">1981rsac.book.....S</subfield>
            <subfield code="e">1</subfield>
            <subfield code="f">UCP</subfield>
            <subfield code="b">Sandage, A., &amp; Tammann, G. 1981, The Revised Shapley-Ames Catalog (Washington: Carnegie Inst. Washington)</subfield>
            <subfield code="8">UCP</subfield>
         </datafield>
         <datafield tag="999" ind1="C" ind2="5">
            <subfield code="i">1968ApJ...153L.135S</subfield>
            <subfield code="e">1</subfield>
            <subfield code="f">UCP</subfield>
            <subfield code="b">Sargent, W. L. 1968, ApJ, 153, L135</subfield>
            <subfield code="8">UCP</subfield>
         </datafield>
         <datafield tag="999" ind1="C" ind2="5">
            <subfield code="i">1970ApJ...160..405S</subfield>
            <subfield code="e">1</subfield>
            <subfield code="f">UCP</subfield>
            <subfield code="b">Sargent, W. L. W. 1970, ApJ, 160, 405</subfield>
            <subfield code="8">UCP</subfield>
         </datafield>
         <datafield tag="999" ind1="C" ind2="5">
            <subfield code="i">1979AJ.....84..311S</subfield>
            <subfield code="e">1</subfield>
            <subfield code="f">UCP</subfield>
            <subfield code="b">Schild, R., &amp; Davis, M. 1979, AJ, 84, 311</subfield>
            <subfield code="8">UCP</subfield>
         </datafield>
         <datafield tag="999" ind1="C" ind2="5">
            <subfield code="i">1990ApJS...72..245S</subfield>
            <subfield code="e">1</subfield>
            <subfield code="f">UCP</subfield>
            <subfield code="b">Schneider, S., et al. 1990, ApJS, 72, 245</subfield>
            <subfield code="8">UCP</subfield>
         </datafield>
         <datafield tag="999" ind1="C" ind2="5">
            <subfield code="i">1992ApJS...81....5S</subfield>
            <subfield code="e">1</subfield>
            <subfield code="f">UCP</subfield>
            <subfield code="b">Schneider, S. E., et al. 1992, ApJS, 81, 5</subfield>
            <subfield code="8">UCP</subfield>
         </datafield>
         <datafield tag="999" ind1="C" ind2="5">
            <subfield code="i">1984PASP...96..216S</subfield>
            <subfield code="e">1</subfield>
            <subfield code="f">UCP</subfield>
            <subfield code="b">Scholl, J., &amp; Grayzeck, E. 1984, PASP, 96, 216</subfield>
            <subfield code="8">UCP</subfield>
         </datafield>
         <datafield tag="999" ind1="C" ind2="5">
            <subfield code="i">1992AJ....103.1107S</subfield>
            <subfield code="e">1</subfield>
            <subfield code="f">UCP</subfield>
            <subfield code="b">Schombert, J. M., et al. 1992, AJ, 103, 1107</subfield>
            <subfield code="8">UCP</subfield>
         </datafield>
         <datafield tag="999" ind1="C" ind2="5">
            <subfield code="i">1988PASP..100..785S</subfield>
            <subfield code="e">1</subfield>
            <subfield code="f">UCP</subfield>
            <subfield code="b">Schulte-Ladbeck, R. 1988, PASP, 100, 785</subfield>
            <subfield code="8">UCP</subfield>
         </datafield>
         <datafield tag="999" ind1="C" ind2="5">
            <subfield code="i">1980ApJ...238L..53S</subfield>
            <subfield code="e">1</subfield>
            <subfield code="f">UCP</subfield>
            <subfield code="b">Schwartz, D., et al. 1980, ApJ, 238, L53</subfield>
            <subfield code="8">UCP</subfield>
         </datafield>
         <datafield tag="999" ind1="C" ind2="5">
            <subfield code="i">1996AJ....111..109S</subfield>
            <subfield code="e">1</subfield>
            <subfield code="f">UCP</subfield>
            <subfield code="b">Schweizer, F. 1996, AJ, 111, 109</subfield>
            <subfield code="8">UCP</subfield>
         </datafield>
         <datafield tag="999" ind1="C" ind2="5">
            <subfield code="i">1987ApJS...64..411S</subfield>
            <subfield code="e">1</subfield>
            <subfield code="f">UCP</subfield>
            <subfield code="b">Schweizer, L. 1987, ApJ, 64, 411</subfield>
            <subfield code="8">UCP</subfield>
         </datafield>
         <datafield tag="999" ind1="C" ind2="5">
            <subfield code="i">1995ApJ...444...41S</subfield>
            <subfield code="e">1</subfield>
            <subfield code="f">UCP</subfield>
            <subfield code="b">Scodeggio, M., et al. 1995, ApJ, 444, 41</subfield>
            <subfield code="8">UCP</subfield>
         </datafield>
         <datafield tag="999" ind1="C" ind2="5">
            <subfield code="i">1983AJ.....88..477S</subfield>
            <subfield code="e">1</subfield>
            <subfield code="f">UCP</subfield>
            <subfield code="b">Shectman, S., Stefanick, R., &amp; Latham, D. 1983, AJ, 88, 477</subfield>
            <subfield code="8">UCP</subfield>
         </datafield>
         <datafield tag="999" ind1="C" ind2="5">
            <subfield code="i">1978A&amp;A....68..321S</subfield>
            <subfield code="e">1</subfield>
            <subfield code="f">UCP</subfield>
            <subfield code="b">Shostak, G. 1978, A&amp;A, 68, 321</subfield>
            <subfield code="8">UCP</subfield>
         </datafield>
         <datafield tag="999" ind1="C" ind2="5">
            <subfield code="i">1980A&amp;A....81..167S</subfield>
            <subfield code="e">1</subfield>
            <subfield code="f">UCP</subfield>
            <subfield code="b">Shostak, G., &amp; Allen, R. 1980, A&amp;A, 81, 167</subfield>
            <subfield code="8">UCP</subfield>
         </datafield>
         <datafield tag="999" ind1="C" ind2="5">
            <subfield code="i">1981ApJ...250...55S</subfield>
            <subfield code="e">1</subfield>
            <subfield code="f">UCP</subfield>
            <subfield code="b">Shuder, J., &amp; Osterbrock, D. 1981, ApJ, 250, 55</subfield>
            <subfield code="8">UCP</subfield>
         </datafield>
         <datafield tag="999" ind1="C" ind2="5">
            <subfield code="i">1998ApJS..115....1S</subfield>
            <subfield code="e">1</subfield>
            <subfield code="f">UCP</subfield>
            <subfield code="b">Slinglend, K., et al. 1998, ApJS, 115, 1</subfield>
            <subfield code="8">UCP</subfield>
         </datafield>
         <datafield tag="999" ind1="C" ind2="5">
            <subfield code="i">1997ApJS..111....1S</subfield>
            <subfield code="e">1</subfield>
            <subfield code="f">UCP</subfield>
            <subfield code="b">Small, T. A., Sargent, W. L. W., &amp; Hamilton, D. 1997, ApJS, 111, 1</subfield>
            <subfield code="8">UCP</subfield>
         </datafield>
         <datafield tag="999" ind1="C" ind2="5">
            <subfield code="i">1987ApJ...318..161S</subfield>
            <subfield code="e">1</subfield>
            <subfield code="f">UCP</subfield>
            <subfield code="b">Smith, B., et al. 1987, ApJ, 318, 161</subfield>
            <subfield code="8">UCP</subfield>
         </datafield>
         <datafield tag="999" ind1="C" ind2="5">
            <subfield code="i">1997MNRAS.291..461S</subfield>
            <subfield code="e">1</subfield>
            <subfield code="f">UCP</subfield>
            <subfield code="b">Smith, R. J., et al. 1997, MNRAS, 291, 461</subfield>
            <subfield code="8">UCP</subfield>
         </datafield>
         <datafield tag="999" ind1="C" ind2="5">
            <subfield code="i">1992MNRAS.258..334S</subfield>
            <subfield code="e">1</subfield>
            <subfield code="f">UCP</subfield>
            <subfield code="b">Staveley-Smith, L., Davies, R. D., &amp; Kinman, T. D. 1992, MNRAS, 258, 334</subfield>
            <subfield code="8">UCP</subfield>
         </datafield>
         <datafield tag="999" ind1="C" ind2="5">
            <subfield code="i">1984Afz....21..245S</subfield>
            <subfield code="e">1</subfield>
            <subfield code="f">UCP</subfield>
            <subfield code="b">Stephanyan, V. A. 1984, Astrofizika, 21, 245</subfield>
            <subfield code="8">UCP</subfield>
         </datafield>
         <datafield tag="999" ind1="C" ind2="5">
            <subfield code="i">1993A&amp;AS..100..395S</subfield>
            <subfield code="e">1</subfield>
            <subfield code="f">UCP</subfield>
            <subfield code="b">Stickel, M., &amp; Kuhr, H. 1993, A&amp;AS, 100, 395</subfield>
            <subfield code="8">UCP</subfield>
         </datafield>
         <datafield tag="999" ind1="C" ind2="5">
            <subfield code="i">1991ApJ...374..431S</subfield>
            <subfield code="e">1</subfield>
            <subfield code="f">UCP</subfield>
            <subfield code="b">Stickel, M., et al. 1991, ApJ, 374, 431</subfield>
            <subfield code="8">UCP</subfield>
         </datafield>
         <datafield tag="999" ind1="C" ind2="5">
            <subfield code="i">1987ApJ...315L..11S</subfield>
            <subfield code="e">1</subfield>
            <subfield code="f">UCP</subfield>
            <subfield code="b">Stocke, J. T., et al. 1987, ApJ, 315, L11</subfield>
            <subfield code="8">UCP</subfield>
         </datafield>
         <datafield tag="999" ind1="C" ind2="5">
            <subfield code="i">1988AJ.....95.1602S</subfield>
            <subfield code="e">1</subfield>
            <subfield code="f">UCP</subfield>
            <subfield code="b">Strauss, M., &amp; Huchra, J. 1988, AJ, 95, 1602</subfield>
            <subfield code="8">UCP</subfield>
         </datafield>
         <datafield tag="999" ind1="C" ind2="5">
            <subfield code="i">1992ApJS...83...29S</subfield>
            <subfield code="e">1</subfield>
            <subfield code="f">UCP</subfield>
            <subfield code="b">Strauss, M., et al. 1992, ApJS, 83, 29</subfield>
            <subfield code="8">UCP</subfield>
         </datafield>
         <datafield tag="999" ind1="C" ind2="5">
            <subfield code="i">1980A&amp;A....88...94S</subfield>
            <subfield code="e">1</subfield>
            <subfield code="f">UCP</subfield>
            <subfield code="b">Sulentic, J. 1980, A&amp;A, 88, 94</subfield>
            <subfield code="8">UCP</subfield>
         </datafield>
         <datafield tag="999" ind1="C" ind2="5">
            <subfield code="i">1983AJ.....88..489S</subfield>
            <subfield code="e">1</subfield>
            <subfield code="f">UCP</subfield>
            <subfield code="b">Sulentic, J., &amp; Arp, H. 1983, AJ, 88, 489</subfield>
            <subfield code="8">UCP</subfield>
         </datafield>
         <datafield tag="999" ind1="C" ind2="5">
            <subfield code="i">1981AJ.....86..919S</subfield>
            <subfield code="e">1</subfield>
            <subfield code="f">UCP</subfield>
            <subfield code="b">Sullivan, W., et al. 1981, AJ, 86, 919</subfield>
            <subfield code="8">UCP</subfield>
         </datafield>
         <datafield tag="999" ind1="C" ind2="5">
            <subfield code="i">1997A&amp;AS..126..471T</subfield>
            <subfield code="e">1</subfield>
            <subfield code="f">UCP</subfield>
            <subfield code="b">Tamazian, V. S., Theureau, G., &amp; Coudreau-Durand, N. 1997, A&amp;AS, 126, 471</subfield>
            <subfield code="8">UCP</subfield>
         </datafield>
         <datafield tag="999" ind1="C" ind2="5">
            <subfield code="i">1979ApJ...234..793T</subfield>
            <subfield code="e">1</subfield>
            <subfield code="f">UCP</subfield>
            <subfield code="b">Tarenghi, M., et al. 1979, ApJ, 234, 793</subfield>
            <subfield code="8">UCP</subfield>
         </datafield>
         <datafield tag="999" ind1="C" ind2="5">
            <subfield code="i">1998A&amp;AS..130..333T</subfield>
            <subfield code="e">1</subfield>
            <subfield code="f">UCP</subfield>
            <subfield code="b">Theureau, G., et al. 1998, A&amp;AS, 130, 333</subfield>
            <subfield code="8">UCP</subfield>
         </datafield>
         <datafield tag="999" ind1="C" ind2="5">
            <subfield code="i">1978PASP...90..644T</subfield>
            <subfield code="e">1</subfield>
            <subfield code="f">UCP</subfield>
            <subfield code="b">Thompson, L., Welker, W., &amp; Gregory, S. 1978, PASP, 90, 644</subfield>
            <subfield code="8">UCP</subfield>
         </datafield>
         <datafield tag="999" ind1="C" ind2="5">
            <subfield code="i">1978AJ.....83.1564T</subfield>
            <subfield code="e">1</subfield>
            <subfield code="f">UCP</subfield>
            <subfield code="b">Thonnard, N., Rubin, V., Ford, K., &amp; Roberts, M. 1978, AJ, 83, 1564</subfield>
            <subfield code="8">UCP</subfield>
         </datafield>
         <datafield tag="999" ind1="C" ind2="5">
            <subfield code="i">1979ApJ...231..327T</subfield>
            <subfield code="e">1</subfield>
            <subfield code="f">UCP</subfield>
            <subfield code="b">Thuan, T., &amp; Seitzer, P. 1979, ApJ, 231, 327</subfield>
            <subfield code="8">UCP</subfield>
         </datafield>
         <datafield tag="999" ind1="C" ind2="5">
            <subfield code="i">1988ApJS...67....1T</subfield>
            <subfield code="e">1</subfield>
            <subfield code="f">UCP</subfield>
            <subfield code="b">Tifft, W. G., &amp; Cocke, W. J. 1988, ApJS, 67, 1</subfield>
            <subfield code="8">UCP</subfield>
         </datafield>
         <datafield tag="999" ind1="C" ind2="5">
            <subfield code="i">1976ApJ...205..696T</subfield>
            <subfield code="e">1</subfield>
            <subfield code="f">UCP</subfield>
            <subfield code="b">Tifft, W., &amp; Gregory, S. 1976, ApJ, 205, 696</subfield>
            <subfield code="8">UCP</subfield>
         </datafield>
         <datafield tag="999" ind1="C" ind2="5">
            <subfield code="i">1979ApJ...231...23T</subfield>
            <subfield code="e">1</subfield>
            <subfield code="f">UCP</subfield>
            <subfield code="b">---. 1979, ApJ, 231, 23</subfield>
            <subfield code="8">UCP</subfield>
         </datafield>
         <datafield tag="999" ind1="C" ind2="5">
            <subfield code="i">1988AJ.....95..651T</subfield>
            <subfield code="e">1</subfield>
            <subfield code="f">UCP</subfield>
            <subfield code="b">---. 1988, AJ, 95, 651</subfield>
            <subfield code="8">UCP</subfield>
         </datafield>
         <datafield tag="999" ind1="C" ind2="5">
            <subfield code="i">1979AJ.....84.1511T</subfield>
            <subfield code="e">1</subfield>
            <subfield code="f">UCP</subfield>
            <subfield code="b">Tonry, J., &amp; Davis, M. 1979, AJ, 84, 1511 (TD79)</subfield>
            <subfield code="8">UCP</subfield>
         </datafield>
         <datafield tag="999" ind1="C" ind2="5">
            <subfield code="i">1975A&amp;A....40..337U</subfield>
            <subfield code="e">1</subfield>
            <subfield code="f">UCP</subfield>
            <subfield code="b">Ulrich, M.-H. 1975, A&amp;A, 40, 337</subfield>
            <subfield code="8">UCP</subfield>
         </datafield>
         <datafield tag="999" ind1="C" ind2="5">
            <subfield code="i">1978ApJ...221..422U</subfield>
            <subfield code="e">1</subfield>
            <subfield code="f">UCP</subfield>
            <subfield code="b">---. 1978, ApJ, 221, 422</subfield>
            <subfield code="8">UCP</subfield>
         </datafield>
         <datafield tag="999" ind1="C" ind2="5">
            <subfield code="i">1992PASP..104...57V</subfield>
            <subfield code="e">1</subfield>
            <subfield code="f">UCP</subfield>
            <subfield code="b">Vader, J. P., &amp; Chaboyer, B. 1992, PASP, 104, 57</subfield>
            <subfield code="8">UCP</subfield>
         </datafield>
         <datafield tag="999" ind1="C" ind2="5">
            <subfield code="i">1988A&amp;A...199...41V</subfield>
            <subfield code="e">1</subfield>
            <subfield code="f">UCP</subfield>
            <subfield code="b">van Driel, W., Davies, R., &amp; Appleton, P. 1988, A&amp;A, 199, 41</subfield>
            <subfield code="8">UCP</subfield>
         </datafield>
         <datafield tag="999" ind1="C" ind2="5">
            <subfield code="i">1989A&amp;A...225..317V</subfield>
            <subfield code="e">1</subfield>
            <subfield code="f">UCP</subfield>
            <subfield code="b">van Driel, W., &amp; van Woerden, H. 1989, A&amp;A, 225, 317</subfield>
            <subfield code="8">UCP</subfield>
         </datafield>
         <datafield tag="999" ind1="C" ind2="5">
            <subfield code="i">1985Afz....23..213V</subfield>
            <subfield code="e">1</subfield>
            <subfield code="f">UCP</subfield>
            <subfield code="b">Vennik, Y., &amp; Kaazik, A. 1985, Astrofizika, 23, 213</subfield>
            <subfield code="8">UCP</subfield>
         </datafield>
         <datafield tag="999" ind1="C" ind2="5">
            <subfield code="i">1993A&amp;AS..100..521V</subfield>
            <subfield code="e">1</subfield>
            <subfield code="f">UCP</subfield>
            <subfield code="b">Veron-Cetty, M.-P., &amp; Veron, P. 1993, A&amp;AS, 100, 521</subfield>
            <subfield code="8">UCP</subfield>
         </datafield>
         <datafield tag="999" ind1="C" ind2="5">
            <subfield code="i">1998astro.ph..5195V</subfield>
            <subfield code="r">arxiv: astro-ph/9805195</subfield>
            <subfield code="e">1</subfield>
            <subfield code="f">UCP</subfield>
            <subfield code="b">Vettolani, G., et al. 1998, preprint (astro-ph/9805195)</subfield>
            <subfield code="8">UCP</subfield>
         </datafield>
         <datafield tag="999" ind1="C" ind2="5">
            <subfield code="i">1990AJ....100.1405W</subfield>
            <subfield code="e">1</subfield>
            <subfield code="f">UCP</subfield>
            <subfield code="b">Wegner, G., et al. 1990, AJ, 100, 1405</subfield>
            <subfield code="8">UCP</subfield>
         </datafield>
         <datafield tag="999" ind1="C" ind2="5">
            <subfield code="i">1993AJ....105.1251W</subfield>
            <subfield code="e">1</subfield>
            <subfield code="f">UCP</subfield>
            <subfield code="b">Wegner, G., Haynes, M. P., &amp; Giovanelli, R. 1993, AJ, 105, 1251</subfield>
            <subfield code="8">UCP</subfield>
         </datafield>
         <datafield tag="999" ind1="C" ind2="5">
            <subfield code="i">1997ApJ...475..479W</subfield>
            <subfield code="e">1</subfield>
            <subfield code="f">UCP</subfield>
            <subfield code="b">White, R. L., Becker, R. H., Helfand, D. J., &amp; Gregg, M. D. 1997, ApJ, 475, 479</subfield>
            <subfield code="8">UCP</subfield>
         </datafield>
         <datafield tag="999" ind1="C" ind2="5">
            <subfield code="i">1983MNRAS.203..701W</subfield>
            <subfield code="e">1</subfield>
            <subfield code="f">UCP</subfield>
            <subfield code="b">White, S., et al. 1982, MNRAS, 203, 701</subfield>
            <subfield code="8">UCP</subfield>
         </datafield>
         <datafield tag="999" ind1="C" ind2="5">
            <subfield code="i">1981AJ.....86..953W</subfield>
            <subfield code="e">1</subfield>
            <subfield code="f">UCP</subfield>
            <subfield code="b">Williams, B., &amp; Kerr, F. 1981, AJ, 86, 953</subfield>
            <subfield code="8">UCP</subfield>
         </datafield>
         <datafield tag="999" ind1="C" ind2="5">
            <subfield code="e">5</subfield>
            <subfield code="f">UCP</subfield>
            <subfield code="b">Williams, B. A., &amp; Lynch, J. R. 1991, AJ, 101, 196</subfield>
            <subfield code="8">UCP</subfield>
         </datafield>
         <datafield tag="999" ind1="C" ind2="5">
            <subfield code="i">1990ApJ...355..393W</subfield>
            <subfield code="e">1</subfield>
            <subfield code="f">UCP</subfield>
            <subfield code="b">Willick, J. A., Brodie, J. P., &amp; Bowyer, S. 1990, ApJ, 355, 393</subfield>
            <subfield code="8">UCP</subfield>
         </datafield>
         <datafield tag="999" ind1="C" ind2="5">
            <subfield code="i">1996ApJS..104..199W</subfield>
            <subfield code="e">1</subfield>
            <subfield code="f">UCP</subfield>
            <subfield code="b">Willmer, C. N. A., et al. 1996, ApJS, 104, 199</subfield>
            <subfield code="8">UCP</subfield>
         </datafield>
         <datafield tag="999" ind1="C" ind2="5">
            <subfield code="i">1982AJ.....87..252W</subfield>
            <subfield code="e">1</subfield>
            <subfield code="f">UCP</subfield>
            <subfield code="b">Wills, D., &amp; Wills, B. 1982, AJ, 87, 252</subfield>
            <subfield code="8">UCP</subfield>
         </datafield>
         <datafield tag="999" ind1="C" ind2="5">
            <subfield code="i">1993AJ....106.1273Z</subfield>
            <subfield code="e">1</subfield>
            <subfield code="f">UCP</subfield>
            <subfield code="b">Zabludoff, A. I., et al. 1993, AJ, 106, 1273</subfield>
            <subfield code="8">UCP</subfield>
         </datafield>
         <datafield tag="999" ind1="C" ind2="5">
            <subfield code="i">1990ApJS...74....1Z</subfield>
            <subfield code="e">1</subfield>
            <subfield code="f">UCP</subfield>
            <subfield code="b">Zabludoff, A., Huchra, J., &amp; Geller, M. 1990, ApJS, 74, 1</subfield>
            <subfield code="8">UCP</subfield>
         </datafield>
         <datafield tag="999" ind1="C" ind2="5">
            <subfield code="i">1997ApJ...478...39Z</subfield>
            <subfield code="e">1</subfield>
            <subfield code="f">UCP</subfield>
            <subfield code="b">Zaritsky, D., et al. 1997, ApJ, 478, 39</subfield>
            <subfield code="8">UCP</subfield>
         </datafield>
         <datafield tag="999" ind1="C" ind2="5">
            <subfield code="i">1971cscg.book.....Z</subfield>
            <subfield code="e">1</subfield>
            <subfield code="f">UCP</subfield>
            <subfield code="b">Zwicky, F. 1971, Catalogue of Selected Compact Galaxies and of Post-Eruptive Galaxies (Guemligen: Zwicky)</subfield>
            <subfield code="8">UCP</subfield>
         </datafield>
         <datafield tag="999" ind1="C" ind2="5">
            <subfield code="e">0</subfield>
            <subfield code="f">UCP</subfield>
            <subfield code="b">Zwicky, F., &amp; Herzog, E. 1962-1965, Catalogue of Galaxies and of Clusters of Galaxies, Vol. II-IV (Pasadena: Caltech)</subfield>
            <subfield code="8">UCP</subfield>
         </datafield>
         <datafield tag="999" ind1="C" ind2="5">
            <subfield code="i">1961cgcg.book.....Z</subfield>
            <subfield code="e">1</subfield>
            <subfield code="f">UCP</subfield>
            <subfield code="b">Zwicky, F., Herzog, E., &amp; Wild, P. 1961, Catalogue of Galaxies and of Clusters of Galaxies, Vol. I (Pasadena: Caltech)</subfield>
            <subfield code="8">UCP</subfield>
         </datafield>
         <datafield tag="999" ind1="C" ind2="5">
            <subfield code="i">1965cgcg.book.....Z</subfield>
            <subfield code="e">1</subfield>
            <subfield code="f">UCP</subfield>
            <subfield code="b">Zwicky, F., Karpowicz, M., &amp; Kowal, C. 1965, Catalogue of Galaxies and of Clusters of Galaxies, Vol. V (Pasadena: Caltech)</subfield>
            <subfield code="8">UCP</subfield>
         </datafield>
         <datafield tag="999" ind1="C" ind2="5">
            <subfield code="i">1968cgcg.book.....Z</subfield>
            <subfield code="e">1</subfield>
            <subfield code="f">UCP</subfield>
            <subfield code="b">Zwicky, F., &amp; Kowal, C. 1968, Catalogue of Galaxies and of Clusters of Galaxies, Vol. VI (Pasadena: Caltech)</subfield>
            <subfield code="8">UCP</subfield>
         </datafield>
      </record>
      <record>
         <datafield tag="970" ind1="" ind2="">
            <subfield code="a">1999PASP..111..438F</subfield>
            <subfield code="8">ADS metadata</subfield>
         </datafield>
         <datafield tag="035" ind1="" ind2="">
            <subfield code="a">1999PASP..111..438F</subfield>
            <subfield code="2">ADS bibcode</subfield>
            <subfield code="8">ADS metadata</subfield>
         </datafield>
         <datafield tag="035" ind1="" ind2="">
            <subfield code="y">1999astro.ph..4265F</subfield>
            <subfield code="2">eprint bibcode</subfield>
            <subfield code="8">ADS metadata</subfield>
         </datafield>
         <datafield tag="035" ind1="" ind2="">
            <subfield code="a">astro-ph/9904265</subfield>
            <subfield code="2">arXiv</subfield>
            <subfield code="8">ADS metadata</subfield>
         </datafield>
         <datafield tag="856" ind1="4" ind2="">
            <subfield code="u">http://$NED$/cgi-bin/nph-objsearch?search_type=Search&amp;refcode=1999PASP..111..438F</subfield>
            <subfield code="y">ned</subfield>
            <subfield code="8">ADS metadata</subfield>
         </datafield>
         <datafield tag="856" ind1="4" ind2="">
            <subfield code="u">http://www.slac.stanford.edu/spires/find/hep/www?fin+j+PASPA,111,438</subfield>
            <subfield code="y">spires</subfield>
            <subfield code="8">ADS metadata</subfield>
         </datafield>
         <datafield tag="856" ind1="4" ind2="">
            <subfield code="u">http://dx.doi.org/10.1086%2F316343</subfield>
            <subfield code="y">electr</subfield>
            <subfield code="8">ADS metadata</subfield>
         </datafield>
         <datafield tag="856" ind1="4" ind2="">
            <subfield code="u">http://$SIMBAD$/simbo.pl?bibcode=1999PASP..111..438F</subfield>
            <subfield code="y">simbad</subfield>
            <subfield code="8">ADS metadata</subfield>
         </datafield>
         <datafield tag="856" ind1="4" ind2="">
            <subfield code="u">http://$VIZIER$/viz-bin/VizieR?-source=J/PASP/111/438</subfield>
            <subfield code="y">data</subfield>
            <subfield code="8">ADS metadata</subfield>
         </datafield>
         <datafield tag="856" ind1="4" ind2="">
            <subfield code="u">http://adsabs.harvard.edu/abs/1999PASP..111..438F</subfield>
            <subfield code="y">ADSlink</subfield>
            <subfield code="8">ADS metadata</subfield>
         </datafield>
      </record>