
      <record>
         <datafield tag="970" ind1="" ind2="">
            <subfield code="a">1999PASP..111..438F</subfield>
            <subfield code="8">ADS metadata</subfield>
         </datafield>
         <datafield tag="035" ind1="" ind2="">
            <subfield code="a">1999PASP..111..438F</subfield>
            <subfield code="2">ADS bibcode</subfield>
            <subfield code="8">ADS metadata</subfield>
         </datafield>
         <datafield tag="100" ind1="" ind2="">
            <subfield code="a">Falco, Emilio E.</subfield>
            <subfield code="b">Falco, E</subfield>
            <subfield code="e">regular</subfield>
            <subfield code="8">ARXIV</subfield>
         </datafield>
         <datafield tag="700" ind1="" ind2="">
            <subfield code="a">Kurtz, Michael J.</subfield>
            <subfield code="b">Kurtz, M</subfield>
            <subfield code="e">regular</subfield>
            <subfield code="8">ARXIV</subfield>
         </datafield>
         <datafield tag="700" ind1="" ind2="">
            <subfield code="a">Geller, Margaret J.</subfield>
            <subfield code="b">Geller, M</subfield>
            <subfield code="e">regular</subfield>
            <subfield code="8">ARXIV</subfield>
         </datafield>
         <datafield tag="700" ind1="" ind2="">
            <subfield code="a">Huchra, John P.</subfield>
            <subfield code="b">Huchra, J</subfield>
            <subfield code="e">regular</subfield>
            <subfield code="8">ARXIV</subfield>
         </datafield>
         <datafield tag="700" ind1="" ind2="">
            <subfield code="a">Peters, James</subfield>
            <subfield code="b">Peters, J</subfield>
            <subfield code="e">regular</subfield>
            <subfield code="8">ARXIV</subfield>
         </datafield>
         <datafield tag="700" ind1="" ind2="">
            <subfield code="a">Berlind, Perry</subfield>
            <subfield code="b">Berlind, P</subfield>
            <subfield code="e">regular</subfield>
            <subfield code="8">ARXIV</subfield>
         </datafield>
         <datafield tag="700" ind1="" ind2="">
            <subfield code="a">Mink, Douglas J.</subfield>
            <subfield code="b">Mink, D</subfield>
            <subfield code="e">regular</subfield>
            <subfield code="8">ARXIV</subfield>
         </datafield>
         <datafield tag="700" ind1="" ind2="">
            <subfield code="a">Tokarz, Susan P.</subfield>
            <subfield code="b">Tokarz, S</subfield>
            <subfield code="e">regular</subfield>
            <subfield code="8">ARXIV</subfield>
         </datafield>
         <datafield tag="700" ind1="" ind2="">
            <subfield code="a">Elwell, Barbara</subfield>
            <subfield code="b">Elwell, B</subfield>
            <subfield code="e">regular</subfield>
            <subfield code="8">ARXIV</subfield>
         </datafield>
         <datafield tag="245" ind1="" ind2="">
            <subfield code="a">The Updated Zwicky Catalog (UZC)</subfield>
            <subfield code="8">ARXIV</subfield>
         </datafield>
         <datafield tag="260" ind1="" ind2="">
            <subfield code="c">1999-04-00</subfield>
            <subfield code="t">date-published</subfield>
            <subfield code="8">ARXIV</subfield>
         </datafield>
         <datafield tag="500" ind1="" ind2="">
            <subfield code="a">34 pp, 7 figs, PASP 1999, 111, 438; Publ.Astron.Soc.Pac. 111 (1999) 438</subfield>
            <subfield code="8">ARXIV</subfield>
            <subfield code="9">ADS</subfield>
         </datafield>
         <datafield tag="520" ind1="" ind2="">
            <subfield code="a">The Zwicky Catalog of galaxies (ZC), with m_Zw〈=15.5mag, has been the basis for the Center for Astrophysics (CfA) redshift surveys. To date, analyses of the ZC and redshift surveys based on it have relied on heterogeneous sets of galaxy coordinates and redshifts. Here we correct some of the inadequacies of previous catalogs by providing: (1) coordinates with 〈~2 arcsec errors for all of the Nuzc catalog galaxies, (2) homogeneously estimated redshifts for the majority (98%) of the data taken at the CfA (14,632 spectra), and (3) an estimate of the remaining "blunder" rate for both the CfA redshifts and for those compiled from the literature. For the reanalyzed CfA data we include a calibrated, uniformly determined error and an indication of the presence of emission lines in each spectrum. We provide redshifts for 7,257 galaxies in the CfA2 redshift survey not previously published; for another 5,625 CfA redshifts we list the remeasured or uniformly re-reduced value. Among our new measurements, Nmul are members of UZC "multiplets" associated with the original Zwicky catalog position in the coordinate range where the catalog is 98% complete. These multiplets provide new candidates for examination of tidal interactions among galaxies. All of the new redshifts correspond to UZC galaxies with properties recorded in the CfA redshift compilation known as ZCAT. About 1,000 of our new measurements were motivated either by inadequate signal-to-noise in the original spectrum or by an ambiguous identification of the galaxy associated with a ZCAT redshift. The redshift catalog we include here is ~96% complete to m_Zw〈=15.5, and ~98% complete (12,925 galaxies out of a total of 13,150) for the RA(1950) ranges [20h--4h] and [8h--17h] and DEC(1950) range [-2.5d--50d]. (abridged)</subfield>
            <subfield code="y">en</subfield>
            <subfield code="8">ARXIV</subfield>
         </datafield>
         <datafield tag="650" ind1="1" ind2="7">
            <subfield code="a">Astrophysics</subfield>
            <subfield code="8">ARXIV</subfield>
         </datafield>
         <datafield tag="695" ind1="" ind2="">
            <subfield code="a">Astrophysics</subfield>
            <subfield code="b">astrophysics</subfield>
            <subfield code="9">arXiv</subfield>
         </datafield>
         <datafield tag="773" ind1="" ind2="">
            <subfield code="p"/>
            <subfield code="c">4265</subfield>
            <subfield code="y">1999</subfield>
            <subfield code="z">eprint arXiv:astro-ph/9904265</subfield>
            <subfield code="8">ARXIV</subfield>
         </datafield>
         <datafield tag="961" ind1="" ind2="">
            <subfield code="c">2006-09-22T04:17:45</subfield>
            <subfield code="x">2006-09-22T04:17:45</subfield>
            <subfield code="8">ARXIV</subfield>
         </datafield>
      </record>
      <record>
         <datafield tag="970" ind1="" ind2="">
            <subfield code="a">1999PASP..111..438F</subfield>
            <subfield code="8">ADS metadata</subfield>
         </datafield>
         <datafield tag="035" ind1="" ind2="">
            <subfield code="a">1999PASP..111..438F</subfield>
            <subfield code="2">ADS bibcode</subfield>
            <subfield code="8">ADS metadata</subfield>
         </datafield>
         <datafield tag="980" ind1="" ind2="">
            <subfield code="a">EPRINT</subfield>
            <subfield code="8">ARXIV</subfield>
         </datafield>
         <datafield tag="980" ind1="" ind2="">
            <subfield code="a">OPENACCESS</subfield>
            <subfield code="8">ARXIV</subfield>
         </datafield>
         <datafield tag="995" ind1="" ind2="">
            <subfield code="a">{"abs":[{"p":"/proj/ads/abstracts/pre/text/X03/X03-03614.abs","t":"1158913065"}],"links":{"preprint":[{"u":"astro-ph/9904265"}],"spires":[{"u":"http://www.slac.stanford.edu/spires/find/hep/www?rawcmd=find+eprint+astro-ph/9904265"}]},"prop":["arxiv_32","arxiv_45"],"refs":[{"p":"/proj/ads/references/resolved/astro-ph/1999/9904265.raw.result","t":1316451655}]}</subfield>
            <subfield code="8">ARXIV</subfield>
         </datafield>
      </record>
      <record>
         <datafield tag="970" ind1="" ind2="">
            <subfield code="a">1999PASP..111..438F</subfield>
            <subfield code="8">ADS metadata</subfield>
         </datafield>
         <datafield tag="035" ind1="" ind2="">
            <subfield code="a">1999PASP..111..438F</subfield>
            <subfield code="2">ADS bibcode</subfield>
            <subfield code="8">ADS metadata</subfield>
         </datafield>
         <datafield tag="961" ind1="" ind2="">
            <subfield code="c">2011-09-19T13:00:55</subfield>
            <subfield code="x">2011-09-19T13:00:55</subfield>
            <subfield code="8">ARXIV</subfield>
         </datafield>
         <datafield tag="999" ind1="C" ind2="5">
            <subfield code="i">1994AJ....108.1987A</subfield>
            <subfield code="e">1</subfield>
            <subfield code="f">ARXIV</subfield>
            <subfield code="b">Alonso, V. M., da Costa, N. L., Latham, D. W., Pellegrini, P. S. &amp; Milone, A. A. E. 1994, AJ 108, 1987</subfield>
            <subfield code="8">ARXIV</subfield>
         </datafield>
         <datafield tag="999" ind1="C" ind2="5">
            <subfield code="i">1993AJ....106..676A</subfield>
            <subfield code="e">1</subfield>
            <subfield code="f">ARXIV</subfield>
            <subfield code="b">Alonso, V. M., da Costa, N. L. &amp; Pellegrini, P. S. 1993, AJ 106, 676</subfield>
            <subfield code="8">ARXIV</subfield>
         </datafield>
         <datafield tag="999" ind1="C" ind2="5">
            <subfield code="i">1990AJ.....99.1004B</subfield>
            <subfield code="e">1</subfield>
            <subfield code="f">ARXIV</subfield>
            <subfield code="b">Bothun, G. D. &amp; Cornell, M. E. 1990, AJ, 99, 1004</subfield>
            <subfield code="8">ARXIV</subfield>
         </datafield>
         <datafield tag="999" ind1="C" ind2="5">
            <subfield code="i">1994ApJ...424L...1D</subfield>
            <subfield code="e">1</subfield>
            <subfield code="f">ARXIV</subfield>
            <subfield code="b">da Costa, L. N. Geller, M. J., Pellegrini, P. S., Latham, D. W., Fairall, A. P., Marzke, R. O., Willmer, C. N. A., Huchra, J. P., Calderon, J. H., Ramella, M. &amp; Kurtz, M. J. 1994, ApJ 424, L1 (1994a)</subfield>
            <subfield code="8">ARXIV</subfield>
         </datafield>
         <datafield tag="999" ind1="C" ind2="5">
            <subfield code="i">1994ApJ...437L...1D</subfield>
            <subfield code="e">1</subfield>
            <subfield code="f">ARXIV</subfield>
            <subfield code="b">da Costa, L. N., Vogeley, M. S., Geller, M. J., Huchra, J. P. &amp; Park, C. 1994, ApJ 437, L1 (1994b)</subfield>
            <subfield code="8">ARXIV</subfield>
         </datafield>
         <datafield tag="999" ind1="C" ind2="5">
            <subfield code="i">1988ApJ...327..544D</subfield>
            <subfield code="e">1</subfield>
            <subfield code="f">ARXIV</subfield>
            <subfield code="b">da Costa, L., Pellegrini, P., Sargent, W. L. W., Tonry, J., Davis, M., Meiksin, A. &amp; Latham, D. 1988, ApJ 327, 544</subfield>
            <subfield code="8">ARXIV</subfield>
         </datafield>
         <datafield tag="999" ind1="C" ind2="5">
            <subfield code="i">1982ApJ...253..423D</subfield>
            <subfield code="e">1</subfield>
            <subfield code="f">ARXIV</subfield>
            <subfield code="b">Davis, M., Huchra, J. P., Latham, D. W., &amp; Tonry, J. 1982,, ApJ, 253, 423</subfield>
            <subfield code="8">ARXIV</subfield>
         </datafield>
         <datafield tag="999" ind1="C" ind2="5">
            <subfield code="i">1991trcb.book.....D</subfield>
            <subfield code="e">1</subfield>
            <subfield code="f">ARXIV</subfield>
            <subfield code="b">de Vaucouleurs, G., de Vaucouleurs, A., Corwin, H., Buta, R., Paturel, G. &amp; Fouque, P. 1991, Third Reference Catalogue of Bright Galaxies, I-III, (New York, Springer-Verlag) (RC3)</subfield>
            <subfield code="8">ARXIV</subfield>
         </datafield>
         <datafield tag="999" ind1="C" ind2="5">
            <subfield code="i">1998PASP..110...79F</subfield>
            <subfield code="e">1</subfield>
            <subfield code="f">ARXIV</subfield>
            <subfield code="b">Fabricant, D., Cheimets, P., Caldwell, N. &amp; Geary, J. 1998, PASP 110, 79</subfield>
            <subfield code="8">ARXIV</subfield>
         </datafield>
         <datafield tag="999" ind1="C" ind2="5">
            <subfield code="i">1994AJ....108.1476F</subfield>
            <subfield code="e">1</subfield>
            <subfield code="f">ARXIV</subfield>
            <subfield code="b">Frei, Z. &amp; Gunn, J. E. 1994, AJ, 108, 1476</subfield>
            <subfield code="8">ARXIV</subfield>
         </datafield>
         <datafield tag="999" ind1="C" ind2="5">
            <subfield code="i">1997AJ....114.2205G</subfield>
            <subfield code="e">1</subfield>
            <subfield code="f">ARXIV</subfield>
            <subfield code="b">Geller, M. J., Kurtz, M. J., Wegner, G., Thorstensen, J. R., Fabricant, D. G., Marzke, R. O., Huchra, J. P. &amp; Falco, E. E. 1997, AJ 114, 2205</subfield>
            <subfield code="8">ARXIV</subfield>
         </datafield>
         <datafield tag="999" ind1="C" ind2="5">
            <subfield code="i">1989Sci...246..897G</subfield>
            <subfield code="e">1</subfield>
            <subfield code="f">ARXIV</subfield>
            <subfield code="b">Geller, M. J. &amp; Huchra, J. P. 1989, Science, 246, 857</subfield>
            <subfield code="8">ARXIV</subfield>
         </datafield>
         <datafield tag="999" ind1="C" ind2="5">
            <subfield code="i">1998astro.ph..7067G</subfield>
            <subfield code="r">arxiv: astro-ph/9807067</subfield>
            <subfield code="e">1</subfield>
            <subfield code="f">ARXIV</subfield>
            <subfield code="b">Grogin, N. A., Geller, M. J. &amp; Huchra, J. P. 1998, ApJS in press, ,astro-ph/9807067</subfield>
            <subfield code="8">ARXIV</subfield>
         </datafield>
         <datafield tag="999" ind1="C" ind2="5">
            <subfield code="e">0</subfield>
            <subfield code="f">ARXIV</subfield>
            <subfield code="b">Huchra, J. P., Vogeley, M. S., &amp; Geller, M. J., 1998, ApJS submitted</subfield>
            <subfield code="8">ARXIV</subfield>
         </datafield>
         <datafield tag="999" ind1="C" ind2="5">
            <subfield code="i">1995ApJS...99..391H</subfield>
            <subfield code="e">1</subfield>
            <subfield code="f">ARXIV</subfield>
            <subfield code="b">Huchra, J. P., Geller, M. J., &amp; Corwin, H. G. Jr. 1995, ApJS 99, 391</subfield>
            <subfield code="8">ARXIV</subfield>
         </datafield>
         <datafield tag="999" ind1="C" ind2="5">
            <subfield code="i">1992BICDS..41...31H</subfield>
            <subfield code="e">1</subfield>
            <subfield code="f">ARXIV</subfield>
            <subfield code="b">Huchra, J., Geller, M., Clemens, C. M., Tokarz, S. P. &amp; Michel, A. 1992, B.I. CDS 41, 31</subfield>
            <subfield code="8">ARXIV</subfield>
         </datafield>
         <datafield tag="999" ind1="C" ind2="5">
            <subfield code="i">1990ApJS...72..433H</subfield>
            <subfield code="e">1</subfield>
            <subfield code="f">ARXIV</subfield>
            <subfield code="b">Huchra, J., Geller, M., de Lapparent V., &amp; Corwin, H. 1990, ApJS 72, 433</subfield>
            <subfield code="8">ARXIV</subfield>
         </datafield>
         <datafield tag="999" ind1="C" ind2="5">
            <subfield code="i">1983ApJS...52...89H</subfield>
            <subfield code="e">1</subfield>
            <subfield code="f">ARXIV</subfield>
            <subfield code="b">Huchra, J., Davis, M., Latham, D. &amp; Tonry, J. 1983, ApJS 52, 89</subfield>
            <subfield code="8">ARXIV</subfield>
         </datafield>
         <datafield tag="999" ind1="C" ind2="5">
            <subfield code="i">1976AJ.....81..952H</subfield>
            <subfield code="e">1</subfield>
            <subfield code="f">ARXIV</subfield>
            <subfield code="b">Huchra, J. 1976, AJ 81, 952</subfield>
            <subfield code="8">ARXIV</subfield>
         </datafield>
         <datafield tag="999" ind1="C" ind2="5">
            <subfield code="i">1998PASP..110..934K</subfield>
            <subfield code="e">1</subfield>
            <subfield code="f">ARXIV</subfield>
            <subfield code="b">Kurtz, M. J. &amp; Mink, D. 1998, PASP 110, 934</subfield>
            <subfield code="8">ARXIV</subfield>
         </datafield>
         <datafield tag="999" ind1="C" ind2="5">
            <subfield code="i">1990AJ.....99.2019L</subfield>
            <subfield code="e">1</subfield>
            <subfield code="f">ARXIV</subfield>
            <subfield code="b">13 Lasker, B. M., Sturch, C. R., McLean, B. J., Russell, J. L, Jenkner, H. &amp; Shara, M. M. 1990, AJ 99, 2019</subfield>
            <subfield code="8">ARXIV</subfield>
         </datafield>
         <datafield tag="999" ind1="C" ind2="5">
            <subfield code="i">1982ialo.coll..259L</subfield>
            <subfield code="e">1</subfield>
            <subfield code="f">ARXIV</subfield>
            <subfield code="b">Latham, D. 1982 in Instrumentation for Astronomy with Large Telescopes, ed. C.M. Humphries (Dordrecht, Reidel), 259</subfield>
            <subfield code="8">ARXIV</subfield>
         </datafield>
         <datafield tag="999" ind1="C" ind2="5">
            <subfield code="i">1997AJ....113..185M</subfield>
            <subfield code="e">1</subfield>
            <subfield code="f">ARXIV</subfield>
            <subfield code="b">Marzke, R. O. &amp; da Costa, L. N. 1997, AJ 113, 185</subfield>
            <subfield code="8">ARXIV</subfield>
         </datafield>
         <datafield tag="999" ind1="C" ind2="5">
            <subfield code="i">1996AJ....112.1803M</subfield>
            <subfield code="e">1</subfield>
            <subfield code="f">ARXIV</subfield>
            <subfield code="b">Marzke, R. O., Huchra, J. P. &amp; Geller, M. J. 1996, AJ 112, 1803</subfield>
            <subfield code="8">ARXIV</subfield>
         </datafield>
         <datafield tag="999" ind1="C" ind2="5">
            <subfield code="i">1995AJ....110..477M</subfield>
            <subfield code="e">1</subfield>
            <subfield code="f">ARXIV</subfield>
            <subfield code="b">Marzke, R. O., Geller, M. J., da Costa, L. N. &amp; Huchra, J. P. 1995, AJ 110, 477</subfield>
            <subfield code="8">ARXIV</subfield>
         </datafield>
         <datafield tag="999" ind1="C" ind2="5">
            <subfield code="i">1994AJ....108..437M</subfield>
            <subfield code="e">1</subfield>
            <subfield code="f">ARXIV</subfield>
            <subfield code="b">Marzke, R. O., Geller, M. J., Huchra, J. P. &amp; Corwin, H. 1994, AJ 108, 437</subfield>
            <subfield code="8">ARXIV</subfield>
         </datafield>
         <datafield tag="999" ind1="C" ind2="5">
            <subfield code="i">1994ApJ...428...43M</subfield>
            <subfield code="e">1</subfield>
            <subfield code="f">ARXIV</subfield>
            <subfield code="b">Marzke, R. O., Huchra, J. P. &amp; Geller, M. J. 1994, ApJ 428, 43</subfield>
            <subfield code="8">ARXIV</subfield>
         </datafield>
         <datafield tag="999" ind1="C" ind2="5">
            <subfield code="e">0</subfield>
            <subfield code="f">ARXIV</subfield>
            <subfield code="b">Mink, D. J. 1999, ADASS VIII, ASP. Conf. Series, D. Mehringer, R. Plante, D. Roberts, eds., in press</subfield>
            <subfield code="8">ARXIV</subfield>
         </datafield>
         <datafield tag="999" ind1="C" ind2="5">
            <subfield code="i">1973ugcg.book.....N</subfield>
            <subfield code="e">1</subfield>
            <subfield code="f">ARXIV</subfield>
            <subfield code="b">Nilson, P. 1973, The Uppsala General Catalog of Galaxies, Ann. Uppsala Astron. Obs. B&amp; 6, Ser. V,A, Vol. 1</subfield>
            <subfield code="8">ARXIV</subfield>
         </datafield>
         <datafield tag="999" ind1="C" ind2="5">
            <subfield code="i">1994ApJ...431..569P</subfield>
            <subfield code="e">1</subfield>
            <subfield code="f">ARXIV</subfield>
            <subfield code="b">Park, C., Vogeley, M. S., Geller, M. J. &amp; Huchra, J.P. 1994, ApJ 431, 569</subfield>
            <subfield code="8">ARXIV</subfield>
         </datafield>
         <datafield tag="999" ind1="C" ind2="5">
            <subfield code="i">1979AJ.....84.1511T</subfield>
            <subfield code="e">1</subfield>
            <subfield code="f">ARXIV</subfield>
            <subfield code="b">Tonry, J. &amp; Davis, M. 1979, AJ 84, 1511 (TD79)</subfield>
            <subfield code="8">ARXIV</subfield>
         </datafield>
         <datafield tag="999" ind1="C" ind2="5">
            <subfield code="i">1997ApJ...475..479W</subfield>
            <subfield code="e">1</subfield>
            <subfield code="f">ARXIV</subfield>
            <subfield code="b">White, R. L., Becker, R. H., Helfand, D. J. &amp; Gregg, M. D. 1997, ApJ 475, 479</subfield>
            <subfield code="8">ARXIV</subfield>
         </datafield>
         <datafield tag="999" ind1="C" ind2="5">
            <subfield code="i">1961cgcg.book.....Z</subfield>
            <subfield code="e">1</subfield>
            <subfield code="f">ARXIV</subfield>
            <subfield code="b">Zwicky, F., Herzog, E. &amp; Wild, P. 1961, Catalogue of galaxies and of clusters of galaxies, (Pasadena, California Institute of Technology) Vol. I</subfield>
            <subfield code="8">ARXIV</subfield>
         </datafield>
         <datafield tag="999" ind1="C" ind2="5">
            <subfield code="e">0</subfield>
            <subfield code="f">ARXIV</subfield>
            <subfield code="b">Zwicky, F. &amp; Herzog, E. 1962-1965, Catalogue of galaxies and of clusters of galaxies, (Pasadena, California Institute of Technology) Vol. II-IV</subfield>
            <subfield code="8">ARXIV</subfield>
         </datafield>
         <datafield tag="999" ind1="C" ind2="5">
            <subfield code="i">1965CGCG..C05....0Z</subfield>
            <subfield code="e">1</subfield>
            <subfield code="f">ARXIV</subfield>
            <subfield code="b">Zwicky, F., Karpowicz, M. &amp; Kowal, C. 1965, Catalogue of galaxies and of clusters of galaxies, (Pasadena, California Institute of Technology) Vol. V</subfield>
            <subfield code="8">ARXIV</subfield>
         </datafield>
         <datafield tag="999" ind1="C" ind2="5">
            <subfield code="i">1968cgcg.book.....Z</subfield>
            <subfield code="e">1</subfield>
            <subfield code="f">ARXIV</subfield>
            <subfield code="b">Zwicky, F. &amp; Kowal, C. 1968, Catalogue of galaxies and of clusters of galaxies, (Pasadena, California Institute of Technology) Vol. VI</subfield>
            <subfield code="8">ARXIV</subfield>
         </datafield>
      </record>
      <record>
         <datafield tag="970" ind1="" ind2="">
            <subfield code="a">1999PASP..111..438F</subfield>
            <subfield code="8">ADS metadata</subfield>
         </datafield>
         <datafield tag="035" ind1="" ind2="">
            <subfield code="a">1999PASP..111..438F</subfield>
            <subfield code="2">ADS bibcode</subfield>
            <subfield code="8">ADS metadata</subfield>
         </datafield>
         <datafield tag="035" ind1="" ind2="">
            <subfield code="a">astro-ph/9904265</subfield>
            <subfield code="2">arXiv</subfield>
            <subfield code="8">ARXIV</subfield>
         </datafield>
         <datafield tag="856" ind1="4" ind2="">
            <subfield code="u">http://www.slac.stanford.edu/spires/find/hep/www?rawcmd=find+eprint+astro-ph/9904265</subfield>
            <subfield code="y">spires</subfield>
            <subfield code="8">ARXIV</subfield>
         </datafield>
         <datafield tag="856" ind1="4" ind2="">
            <subfield code="u">http://adsabs.harvard.edu/abs/1999astro.ph..4265F</subfield>
            <subfield code="y">ADSlink</subfield>
            <subfield code="8">ARXIV</subfield>
         </datafield>
      </record>
   </collection>
</collections>